4728 5710
1136 408 1254 424 δ-ιι-

362 547 545 634 mittent?
539 543 592 614 de
607 552 670 621 ec,
690 531 761 608 abu
780 537 873 633 titulo
892 537 986 604 buius
1008 535 1105 602 libelii
1125 553 1234 652 parum
1255 531 1466 620 significetur,
1489 493 1653 646 benignius
1673 529 1793 600 veniam
1813 524 1864 597 rn'c
1882 529 2031 688 impetra·

342 673 463 782 'lim
485 687 555 732 asae
575 665 708 749 speravi.
925 683 935 690 ·

392 781 513 854 sea
539 793 577 851 ut
603 787 746 864 cedem,
777 782 881 848 Plauti
903 781 1062 846 Aulularia
1087 780 1260 862 parcissimi
1288 783 1323 842 ιι
1342 775 1527 841 tenacissimi
1549 775 1632 838 senis
1651 776 1930 857 repraesentatur
1921 793 2073 859 imago,

359 909 538 986 lincbauia,
569 909 623 990 qui
649 907 750 969 aniam
779 907 846 968 anri
874 904 996 987 plenam
1024 895 1107 965 demi
1129 919 1204 965 auae
1226 899 1378 964 defossam
1399 897 1532 976 invenit,
1558 897 1772 978 inventamque
1791 897 1912 964 miseris
1931 895 2033 964 madh

220 1015 225 1025 ’
344 1025 465 1096 ‘uun
485 1029 578 1094 ruodo
598 1027 661 1106 bic,
681 1025 774 1090 modo
794 1025 859 1089 iilic
881 1023 1079 1102 abscondens,
1101 1023 1199 1085 donec
1221 1001 1375 1105 decipitur
1396 1019 1557 1101 aulamque
1578 1015 1700 1081 omittit.

985 1209 1075 1300 lie
1126 1208 1411 1338 neruiue.

413 1369 416 1378 Δ
453 1389 545 1470 Quod
563 1387 739 1452 Aulularia
759 1385 908 1468 inscripta
927 1389 977 1448 sat
997 1383 1109 1462 tabula,
1132 1389 1180 1446 cst
1202 1383 1346 1457 sonasse,
1370 1379 1453 1464 qnod
1476 1393 1616 1462 quaeras,
1639 1375 1692 1459 qui
1711 1373 1825 1440 iactum
1846 1375 1897 1455 ait,
1917 1381 1955 1440 ut
1974 1395 2037 1444 nna

363 1495 569 1573 Asarinum
582 1529 648 1571 earn
663 1507 864 1570 nominaverit
876 1510 979 1588 poeta,
1000 1505 1122 1567 tabulae
1142 1511 1353 1587 argumentum
1374 1503 1456 1568 hand
1474 1505 1559 1564 tecta
1573 1499 1767 1581 significans,
1780 1498 2036 1578 quemadmodum

362 1620 448 1694 idem
470 1627 598 1692 Plautus
627 1627 815 1718 comoediam
844 1627 951 1702 biam,
984 1645 1044 1706 qua
1071 1630 1242 1687 ostentator
1269 1623 1416 1686 ridiculus
1443 1621 1531 1684 miles
1558 1627 1715 1700 vanusque
1735 1618 1829 1682 bomo
1850 1617 2037 1701 depingitur,

362 1727 567 1832 inscriptione
593 1747 710 1810 Milton
740 1747 878 1809 titorioai
902 1746 1042 1827 signarit.
1096 1743 1168 1826 ipae
1195 1743 1381 1822 flodarius,
1414 1744 1497 1806 iuter
1522 1737 1743 1822 Francogailos
1770 1739 1955 1812 comicorum
1982 1737 2038 1804 nis

360 1845 539 1954 princeps,
555 1847 814 1950 quarn'imitando
836 1868 908 1929 inde
927 1867 1004 1929 iecit
1024 1865 1167 1943 fibulam,
1188 1837 1361 1947 inscripsit:
1391 1861 1542 1926 L’nonra.
1584 1857 1793 1926 Verumtamen
1812 1859 1873 1923 iam
1894 1854 2038 1944 Lessing.

364 1987 569 2074 (dramatnrg.
604 1958 670 2071 cap.
708 1985 808 2066 xxi.)
838 1988 948 2066 docet,
987 1987 1144 2050 veteribus
1176 1993 1209 2048 et
1237 1987 1365 2048 Graecis
1395 1990 1428 2047 et
1453 1981 1599 2046 llomauia
1627 1983 1726 2044 miuus
1754 1980 1853 2042 inisse
1878 1979 1911 2044 in
1938 1997 2037 2058 more,

364 2117 413 2189 ut,
434 2109 525 2173 sicuti
548 2128 629 2172 nnuc
652 2108 775 2187 quidem
795 2079 878 2169 band
898 2127 969 2169 raro
990 2108 1038 2184 tlt,
1060 2106 1233 2169 comoedias
1256 2105 1461 2168 inscriberent
1482 2103 1614 2179 uomina,
1636 2121 1674 2164 ex
1690 2120 1759 2182 ,qno
1779 2099 1847 2182 ipsa
1866 2099 2039 2182 argumenti

364 2235 475 2292 natura
497 2225 629 2289 stratio
649 2225 839 2287 manifestius
862 2232 1035 2308 appareret.
1078 2225 1126 2288 lta
1148 2228 1229 2289 cuim
1250 2225 1374 2303 iacere,
1407 2244 1580 2306 quanquam
1600 2241 1662 2286 non
1683 2238 1812 2303 prorsus
1835 2221 1959 2302 quidem
1980 2220 2037 2285 dc·

363 2319 588 2432 dignabantur,
615 2349 652 2407 ut
673 2365 826 2427 quemque
847 2338 988 2428 inprimis
1010 2347 1166 2409 docebunt
1183 2333 1357 2428 labularnm
1378 2345 1515 2423 nomina,
1545 2362 1624 2426 quae
1644 2343 1676 2404 in
1697 2341 1877 2426 t'ragmentis
1899 2339 2037 2404 smnicu-

364 2487 434 2533 rnm
454 2467 650 2531 inveniuntur
669 2471 703 2528 et
714 2467 901 2529 Graecorum
916 2471 948 2528 et
962 2463 1178 2541 Romanorum,
1200 2468 1393 2548 potissimum
1404 2466 1586 2542 tabularum,
1609 2483 1687 2544 qnae
1703 2461 1817 2545 duplici
1837 2465 1909 2526 sunt
1928 2459 2038 2526 haeri-

364 2589 489 2672 ptinne,
514 2561 548 2652 in
576 2585 689 2667 quibus
718 2585 815 2649 ultera
841 2586 1027 2668 pierumque
1047 2588 1176 2668 propina
1197 2587 1318 2649 accedit
1338 2587 1375 2648 ad
1398 2605 1495 2668 genus
1516 2587 1703 2665 modumque
1724 2582 1912 2667 argumenti,
1937 2587 2039 2646 nmen

365 2677 565 2773 nibilominus
587 2705 749 2787 panciores
769 2705 863 2768 modo
884 2705 1036 2770 inveneris
1057 2705 1187 2784 fabulas,
1211 2727 1290 2788 qnae
1310 2707 1459 2784 similiter,
1487 2711 1523 2768 ut
1542 2703 1636 2768 Miles
1658 2705 1834 2782 Gloriosus,
1856 2701 1921 2766 stris
1940 2701 2039 2766 nemi-

364 2828 455 2892 ntbus
484 2802 637 2900 indicent,
668 2823 742 2906 qnid
769 2826 848 2906 ipsis
876 2832 909 2888 ct
936 2825 1037 2906 qualia
1064 2833 1285 2910 proponantur.
1326 2827 1429 2890 Etiam
1456 2827 1568 2907 quibua
1594 2827 1690 2888 indita
1718 2803 1801 2888 ιιιιιιΙ
1820 2823 1883 2886 dno
1906 2821 2039 2898 nomina,

365 2967 441 3032 quas
455 2946 573 3012 tabulas
592 2944 716 3025 qnidam
729 2944 833 3005 dicunt
847 2944 1029 3026 binominus,
1050 2948 1133 3008 iniis
1147 2967 1318 3040 quanquam
1331 2948 1462 3010 alterurn
1474 2965 1595 3025 nomen,
1617 2947 1802 3032 plerumque
1814 2944 1923 3026 magis,
1944 2948 1980 3005 ut
1996 2943 2040 3005 ita

366 3067 476 3142 dicam,
507 3063 691 3150 appellative
710 3064 852 3141 inditum,
879 3065 1008 3146 propina
1031 3085 1048 3126 a
1070 3047 1268 3147 significanda
1290 3067 1462 3150 argumenti
1483 3073 1591 3130 natura
1612 3067 1709 3142 abest,
1737 3069 1841 3128 tamen
1862 3063 2040 3146 aenigmatis

364 3188 471 3254 nescio
492 3185 565 3266 qnid
588 3203 711 3266 semper
731 3190 891 3268 superest,
913 3191 949 3246 nt
968 3185 1161 3268 impediaris,
1191 3206 1253 3267 quo
1275 3189 1375 3250 minus
1398 3189 1568 3249 accuratius
1590 3185 1760 3268 inteiligas,
1789 3184 1874 3265 qnod
1896 3189 1929 3264 et
1949 3181 2040 3264 quala

363 3309 575 3389 argumentum
601 3279 704 3366 inbuta
731 3308 892 3368 tractetur.
934 3303 1065 3368 Nomina
1093 3306 1263 3370 fabularum
1288 3313 1474 3389 repetuntur
1494 3307 1678 3390 piarumque
1700 3327 1717 3368 a
1738 3305 1832 3368 rebus
1854 3308 1906 3368 ant
1926 3322 1945 3365 a
1965 3321 2038 3386 per·

363 3427 461 3501 sonis,
484 3443 612 3505 quarum
632 3429 681 3486 est
696 3425 811 3489 mentio
833 3427 866 3488 in
887 3424 1024 3487 dramate
1044 3423 1127 3489 band
1149 3447 1219 3488 raro
1242 3427 1405 3490 admodum
1427 3428 1503 3490 ieris
1527 3428 1710 3508 tenuisque3
1754 3426 1855 3508 ipsum
1877 3441 2040 3504 argumen-

363 3551 430 3610 tum
452 3543 544 3626 quale
566 3545 617 3620 ait,
639 3544 823 3626 pierumque
843 3547 897 3606 aut
916 3545 972 3623 nii,
993 3551 1047 3608 aut
1063 3545 1220 3609 minimum
1241 3553 1328 3612 certe
1349 3549 1422 3612 inde
1444 3549 1621 3630 suspiceris.
1656 3545 1702 3642 lta
1719 3544 1897 3610 Aululariae
1917 3543 2040 3607 nominc

364 3661 405 3726 de
426 3669 605 3746 argumento
627 3663 670 3724 nil
693 3664 849 3726 docemur.

451 3783 514 3847 Sed
544 3801 582 3846 ex
611 3785 761 3846 sermonis
789 3784 877 3846 latini
905 3785 1029 3868 ingenio
1059 3791 1092 3848 et
1116 3785 1342 3851 consuetudine
1362 3786 1440 3850 haec
1460 3787 1564 3850 tabula
1584 3805 1624 3850 ne
1645 3787 1747 3890 potuit
1768 3785 1893 3869 qnidam
1915 3782 2040 3850 macrim

364 3903 488 3968 nomine
514 3903 625 3967 Acori.
669 3903 780 3985 Neque
809 3906 889 3968 enim
917 3877 991 3968 satis
1020 3907 1143 3970 latinam
1170 3883 1250 3970 hauc
1277 3908 1508 3988 inscriptionem
1529 3907 1616 3986 iore,
1644 3883 1735 3970 iacilo
1756 3905 1924 3990 apparebit.
1969 3905 2039 3984 Quo

363 4025 445 4088 euim
467 4023 622 4106 antiquior
642 4029 692 4086 cst
712 4043 813 4086 sermo
835 4023 1000 4104 Romanus,
1034 4045 1072 4089 ιο
1093 4027 1192 4089 minna
1215 4047 1316 4108 coque
1338 4029 1437 4089 rarius
1460 4046 1591 4090 numum
1612 4027 1742 4091 Rotnani
1764 4027 1877 4088 dixisse
1897 4023 2040 4088 videntur

362 4143 522 4208 bominem
544 4146 731 4208 tenaciorem
752 4145 964 4227 pecuniaeque
986 4166 1090 4228 amore
1111 4147 1189 4210 adeo
1211 4135 1342 4230 captum,
1366 4152 1401 4210 nt
1422 4149 1460 4210 ad
1482 4147 1592 4212 sordes
1612 4147 1770 4211 delabatur
1783 4145 2040 4226 inhonestiutque

362 4263 567 4345 parsimoniae
589 4281 626 4326 se
647 4262 750 4327 dedat.
792 4265 936 4345 Acarna,
966 4264 999 4329 id
1021 4267 1104 4348 quod
1126 4285 1163 4330 ex
1185 4269 1253 4351 ipsa
1275 4269 1370 4348 etymi
1383 4269 1503 4331 ratione
1524 4268 1724 4350 intelligitur,
1754 4273 1820 4345 est,
1850 4269 1905 4348 qui
1924 4266 2040 4330 babere

362 4382 494 4446 maxime
520 4385 607 4464 cupit
635 4385 811 4448 nominatim
835 4387 1001 4568 pecuniam
1030 4390 1158 4469 eiusque
1185 4389 1417 4470 possessionem
1445 4389 1572 4451 nimium
1604 4389 1742 4470 appetit;
1800 4385 1884 4468 qnod
1914 4383 2039 4470 quidem

362 4503 469 4566 vitium
491 4504 572 4568 inter
586 4503 740 4568 Romanos
762 4506 815 4570 iila
854 4510 955 4600 etate!
969 4526 1030 4588 qna
1049 4505 1194 4572 libertate
1214 4509 1405 4591 reipnbb'cae
1426 4509 1526 4572 adhuc
1546 4513 1670 4572 utentes
1692 4507 1819 4590 spiritus
1841 4493 1929 4589 qnasi
1947 4505 2038 4570 altio·

364 4638 415 4685 rea
436 4624 542 4687 animis
565 4625 723 4708 gerebant,
745 4625 842 4690 multo
863 4625 925 4688 luit
946 4625 1151 4706 frequentius,
1176 4647 1266 4709 quam
1287 4630 1396 4692 sitium
1417 4629 1511 4706 istud,
1536 4629 1620 4710 qnod
1642 4633 1691 4691 est
1712 4629 1745 4690 in
1765 4603 1930 4692 tenacitate
1952 4633 1986 4691 ιι
2005 4628 2038 4690 iu

364 4739 457 4805 nimia
476 4744 677 4826 parsimonia,
706 4751 816 4826 utpote
845 4745 934 4807 nimia
956 4749 1046 4827 qnasi
1068 4747 1212 4828 pusillum
1234 4768 1310 4830 prae
1332 4749 1543 4832 magnitudine
1563 4745 1686 4830 imperii
1707 4751 1740 4810 et
1761 4741 1910 4831 gravitate
1930 4747 2036 4829 reipu-

363 4859 473 4938 blicae,
495 4881 586 4942 qnam
606 4861 675 4926 tere
696 4864 810 4946 singuli
832 4867 915 4928 cinca
937 4866 1187 4931 administrantes
1209 4868 1310 4930 adbuc
1331 4869 1540 4951 capessebant.
1582 4867 1658 4930 lude
1678 4865 1792 4931 iactum
1812 4875 1900 4952 puto,
1921 4873 1957 4932 nt
1971 4867 2037 4930 llo·

362 4980 444 5046 mani
472 4979 540 5047 iere
567 4987 692 5050 careant
710 4985 879 5066 rambula,
907 5003 968 5068 quo
989 4989 1117 5108 proprie
1138 4991 1171 5054 et
1190 4987 1404 5082 peculiariter,
1430 5007 1498 5054 ram
1519 5005 1577 5056 aen
1597 4991 1742 5082 tanquam
1762 4993 1940 5073 tangentes,
1967 4953 2036 5076 ilipa
2155 5032 2159 5040 ·

1795 5107 1858 5172 1*
