<?xml version="1.0" encoding="UTF-8"?>
<!DOCTYPE html PUBLIC "-//W3C//DTD XHTML 1.0 Transitional//EN"
    "http://www.w3.org/TR/xhtml1/DTD/xhtml1-transitional.dtd">
<html xmlns="http://www.w3.org/1999/xhtml" xml:lang="en" lang="en">
 <head>
  <title>
</title>
<meta http-equiv="Content-Type" content="text/html;charset=utf-8" />
  <meta name='ocr-system' content='tesseract 3.04.00' />
  <meta name='ocr-capabilities' content='ocr_page ocr_carea ocr_par ocr_line ocrx_word'/>
</head>
<body>
  <div class='ocr_page' id='page_1' title='image "./prolegomenaadpl00wolfgoog/prolegomenaadpl00wolfgoog_0020.png"; bbox 0 0 4728 5710; ppageno 0'>
   <div class='ocr_carea' id='block_1_1' title="bbox 1042 311 1163 412">
    <p class='ocr_par' dir='ltr' id='par_1_1' title="bbox 1042 311 1163 412">
     <span class='ocr_line' id='line_1_1' title="bbox 1042 311 1163 412; baseline 0 -38"><span class='ocrx_word' id='word_1_1' title='bbox 1042 311 1163 412; x_wconf 50' lang='lat'>..¹2⁵-</span> 
     </span>
    </p>
   </div>
   <div class='ocr_carea' id='block_1_2' title="bbox 158 519 1943 618">
    <p class='ocr_par' dir='ltr' id='par_1_2' title="bbox 158 519 1943 618">
     <span class='ocr_line' id='line_1_2' title="bbox 158 519 1943 618; baseline -0.003 -22"><span class='ocrx_word' id='word_1_2' title='bbox 158 551 166 566; x_wconf 91' lang='lat'><em>·</em></span> <span class='ocrx_word' id='word_1_3' title='bbox 269 527 395 598; x_wconf 77' lang='lat' dir='ltr'>dahium</span> <span class='ocrx_word' id='word_1_4' title='bbox 409 535 468 606; x_wconf 86' lang='lat' dir='ltr'>est,</span> <span class='ocrx_word' id='word_1_5' title='bbox 483 534 585 592; x_wconf 86' lang='lat' dir='ltr'>utrum</span> <span class='ocrx_word' id='word_1_6' title='bbox 598 543 709 591; x_wconf 83' lang='lat' dir='ltr'>nomen</span> <span class='ocrx_word' id='word_1_7' title='bbox 723 527 760 588; x_wconf 92' lang='lat' dir='ltr'>ah</span> <span class='ocrx_word' id='word_1_8' title='bbox 775 525 844 608; x_wconf 80' lang='lat' dir='ltr'>ipso</span> <span class='ocrx_word' id='word_1_9' title='bbox 859 529 952 607; x_wconf 81' lang='lat' dir='ltr'>poeta</span> <span class='ocrx_word' id='word_1_10' title='bbox 967 527 1067 618; x_wconf 81' lang='lat' dir='ltr'>ortum</span> <span class='ocrx_word' id='word_1_11' title='bbox 1084 526 1134 586; x_wconf 88' lang='lat' dir='ltr'>sil.</span> <span class='ocrx_word' id='word_1_12' title='bbox 1157 525 1285 586; x_wconf 86' lang='lat' dir='ltr'>Certum</span> <span class='ocrx_word' id='word_1_13' title='bbox 1300 541 1370 586; x_wconf 85' lang='lat' dir='ltr'>esse</span> <span class='ocrx_word' id='word_1_14' title='bbox 1381 519 1514 597; x_wconf 75' lang='lat' dir='ltr'>ridetur,</span> <span class='ocrx_word' id='word_1_15' title='bbox 1527 525 1699 604; x_wconf 67' lang='lat' dir='ltr'>antiquiore</span> <span class='ocrx_word' id='word_1_16' title='bbox 1711 531 1863 609; x_wconf 67' lang='lat' dir='ltr'>mmporc,</span> <span class='ocrx_word' id='word_1_17' title='bbox 1876 538 1943 608; x_wconf 73' lang='lat' dir='ltr'>qao</span> 
     </span>
    </p>
   </div>
   <div class='ocr_carea' id='block_1_3' title="bbox 270 644 2072 736">
    <p class='ocr_par' dir='ltr' id='par_1_3' title="bbox 270 644 2072 736">
     <span class='ocr_line' id='line_1_3' title="bbox 270 644 2072 736; baseline -0.004 -21"><span class='ocrx_word' id='word_1_18' title='bbox 270 645 380 736; x_wconf 64' lang='lat' dir='ltr'>graeca</span> <span class='ocrx_word' id='word_1_19' title='bbox 401 651 500 713; x_wconf 85' lang='lat' dir='ltr'>minus</span> <span class='ocrx_word' id='word_1_20' title='bbox 522 649 622 712; x_wconf 87' lang='lat' dir='ltr'>adhuc</span> <span class='ocrx_word' id='word_1_21' title='bbox 645 648 788 710; x_wconf 85' lang='lat' dir='ltr'>Romanis</span> <span class='ocrx_word' id='word_1_22' title='bbox 812 647 921 708; x_wconf 88' lang='lat' dir='ltr'>usitata</span> <span class='ocrx_word' id='word_1_23' title='bbox 944 652 1030 707; x_wconf 88' lang='lat' dir='ltr'>crant</span> <span class='ocrx_word' id='word_1_24' title='bbox 1051 645 1275 719; x_wconf 77' lang='lat' dir='ltr'>etfamiliaris,</span> <span class='ocrx_word' id='word_1_25' title='bbox 1297 647 1400 724; x_wconf 85' lang='lat' dir='ltr'>polius</span> <span class='ocrx_word' id='word_1_26' title='bbox 1421 644 1530 718; x_wconf 85' lang='lat' dir='ltr'>latina,</span> <span class='ocrx_word' id='word_1_27' title='bbox 1553 646 1737 724; x_wconf 79' lang='lat' dir='ltr'>posteriora,</span> <span class='ocrx_word' id='word_1_28' title='bbox 1761 666 1822 725; x_wconf 92' lang='lat' dir='ltr'>qno</span> <span class='ocrx_word' id='word_1_29' title='bbox 1839 647 1939 730; x_wconf 67' lang='lat' dir='ltr'>magia</span> <span class='ocrx_word' id='word_1_30' title='bbox 2061 655 2072 664; x_wconf 84' lang='lat'><strong><em>‘</em></strong></span> 
     </span>
    </p>
   </div>
   <div class='ocr_carea' id='block_1_4' title="bbox 270 745 1939 852">
    <p class='ocr_par' dir='ltr' id='par_1_4' title="bbox 270 745 1939 852">
     <span class='ocr_line' id='line_1_4' title="bbox 270 745 1939 852; baseline -0.004 -16"><span class='ocrx_word' id='word_1_31' title='bbox 270 772 330 836; x_wconf 88' lang='lat' dir='ltr'>lam</span> <span class='ocrx_word' id='word_1_32' title='bbox 349 773 381 832; x_wconf 88' lang='lat' dir='ltr'>ia</span> <span class='ocrx_word' id='word_1_33' title='bbox 404 771 521 833; x_wconf 84' lang='lat' dir='ltr'>deliciis</span> <span class='ocrx_word' id='word_1_34' title='bbox 543 776 636 850; x_wconf 90' lang='lat' dir='ltr'>atque</span> <span class='ocrx_word' id='word_1_35' title='bbox 657 769 689 830; x_wconf 89' lang='lat' dir='ltr'>iu</span> <span class='ocrx_word' id='word_1_36' title='bbox 710 767 929 830; x_wconf 87' lang='lat' dir='ltr'>cousuetudine</span> <span class='ocrx_word' id='word_1_37' title='bbox 951 787 1020 828; x_wconf 83' lang='lat' dir='ltr'>esse</span> <span class='ocrx_word' id='word_1_38' title='bbox 1034 745 1154 852; x_wconf 35' lang='lat' dir='ltr'>,graeca</span> <span class='ocrx_word' id='word_1_39' title='bbox 1175 766 1372 844; x_wconf 71' lang='lat' dir='ltr'>sanctiusque</span> <span class='ocrx_word' id='word_1_40' title='bbox 1393 765 1451 825; x_wconf 91' lang='lat' dir='ltr'>coll</span> <span class='ocrx_word' id='word_1_41' title='bbox 1474 773 1582 845; x_wconf 80' lang='lat' dir='ltr'>coepta</span> <span class='ocrx_word' id='word_1_42' title='bbox 1604 771 1692 838; x_wconf 90' lang='lat' dir='ltr'>suut,</span> <span class='ocrx_word' id='word_1_43' title='bbox 1722 767 1826 847; x_wconf 83' lang='lat' dir='ltr'>potius</span> <span class='ocrx_word' id='word_1_44' title='bbox 1847 785 1939 847; x_wconf 70' lang='lat' dir='ltr'>grae-</span> 
     </span>
    </p>
   </div>
   <div class='ocr_carea' id='block_1_5' title="bbox 269 883 2076 972">
    <p class='ocr_par' dir='ltr' id='par_1_5' title="bbox 269 883 2076 972">
     <span class='ocr_line' id='line_1_5' title="bbox 269 883 2076 972; baseline -0.006 -18"><span class='ocrx_word' id='word_1_45' title='bbox 269 909 305 954; x_wconf 93' lang='lat' dir='ltr'>oa</span> <span class='ocrx_word' id='word_1_46' title='bbox 325 891 447 954; x_wconf 85' lang='lat' dir='ltr'>uomina</span> <span class='ocrx_word' id='word_1_47' title='bbox 468 909 486 952; x_wconf 90' lang='lat' dir='ltr'>a</span> <span class='ocrx_word' id='word_1_48' title='bbox 507 896 600 972; x_wconf 84' lang='lat' dir='ltr'>poeta</span> <span class='ocrx_word' id='word_1_49' title='bbox 620 887 718 950; x_wconf 79' lang='lat' dir='ltr'>fuisse</span> <span class='ocrx_word' id='word_1_50' title='bbox 739 887 889 969; x_wconf 84' lang='lat' dir='ltr'>prolecta.</span> <span class='ocrx_word' id='word_1_51' title='bbox 933 887 978 948; x_wconf 88' lang='lat' dir='ltr'>lta</span> <span class='ocrx_word' id='word_1_52' title='bbox 1000 887 1143 961; x_wconf 75' lang='lat' dir='ltr'>Plautus,</span> <span class='ocrx_word' id='word_1_53' title='bbox 1166 891 1313 966; x_wconf 84' lang='lat' dir='ltr'>utsupra</span> <span class='ocrx_word' id='word_1_54' title='bbox 1336 887 1393 946; x_wconf 91' lang='lat' dir='ltr'>iam</span> <span class='ocrx_word' id='word_1_55' title='bbox 1415 883 1556 957; x_wconf 79' lang='lat' dir='ltr'>vidimus,</span> <span class='ocrx_word' id='word_1_56' title='bbox 1579 901 1704 964; x_wconf 77' lang='lat' dir='ltr'>graeca,</span> <span class='ocrx_word' id='word_1_57' title='bbox 1730 902 1809 964; x_wconf 77' lang='lat' dir='ltr'>quiae</span> <span class='ocrx_word' id='word_1_58' title='bbox 1830 904 1938 967; x_wconf 80' lang='lat' dir='ltr'>pam</span> <span class='ocrx_word' id='word_1_59' title='bbox 1982 883 2009 930; x_wconf 68' lang='grc' dir='ltr'>ι’</span> <span class='ocrx_word' id='word_1_60' title='bbox 2071 961 2076 970; x_wconf 14' lang='grc' dir='ltr'><strong><em>Β</em></strong></span> 
     </span>
    </p>
   </div>
   <div class='ocr_carea' id='block_1_6' title="bbox 166 1003 2005 2772">
    <p class='ocr_par' dir='ltr' id='par_1_6' title="bbox 166 1003 1939 1682">
     <span class='ocr_line' id='line_1_6' title="bbox 207 1003 1939 1092; baseline -0.005 -18"><span class='ocrx_word' id='word_1_61' title='bbox 207 1075 210 1082; x_wconf 81' lang='grc'><strong>,</strong></span> <span class='ocrx_word' id='word_1_62' title='bbox 267 1009 369 1074; x_wconf 90' lang='lat' dir='ltr'>adhuc</span> <span class='ocrx_word' id='word_1_63' title='bbox 390 1011 481 1091; x_wconf 75' lang='lat' dir='ltr'>vulgo</span> <span class='ocrx_word' id='word_1_64' title='bbox 503 1010 696 1089; x_wconf 81' lang='lat' dir='ltr'>frequentata</span> <span class='ocrx_word' id='word_1_65' title='bbox 717 1007 847 1082; x_wconf 82' lang='lat' dir='ltr'>ridebat,</span> <span class='ocrx_word' id='word_1_66' title='bbox 870 1007 963 1068; x_wconf 85' lang='lat' dir='ltr'>latine</span> <span class='ocrx_word' id='word_1_67' title='bbox 984 1008 1022 1075; x_wconf 88' lang='lat' dir='ltr'>ad</span> <span class='ocrx_word' id='word_1_68' title='bbox 1045 1026 1136 1068; x_wconf 91' lang='lat' dir='ltr'>unum</span> <span class='ocrx_word' id='word_1_69' title='bbox 1159 1007 1258 1066; x_wconf 93' lang='lat' dir='ltr'>omnia</span> <span class='ocrx_word' id='word_1_70' title='bbox 1280 1005 1389 1076; x_wconf 76' lang='lat' dir='ltr'>vertit3</span> <span class='ocrx_word' id='word_1_71' title='bbox 1433 1005 1523 1066; x_wconf 83' lang='lat' dir='ltr'>aliter</span> <span class='ocrx_word' id='word_1_72' title='bbox 1546 1003 1723 1092; x_wconf 81' lang='lat' dir='ltr'>Terentius,</span> <span class='ocrx_word' id='word_1_73' title='bbox 1749 1003 1837 1065; x_wconf 78' lang='lat' dir='ltr'>cuius</span> <span class='ocrx_word' id='word_1_74' title='bbox 1859 1010 1939 1068; x_wconf 84' lang='lat' dir='ltr'>tem·</span> 
     </span>
     <span class='ocr_line' id='line_1_7' title="bbox 267 1125 1938 1213; baseline -0.004 -21"><span class='ocrx_word' id='word_1_75' title='bbox 267 1144 347 1213; x_wconf 75' lang='lat' dir='ltr'>pore</span> <span class='ocrx_word' id='word_1_76' title='bbox 367 1130 485 1211; x_wconf 75' lang='lat' dir='ltr'>graecis</span> <span class='ocrx_word' id='word_1_77' title='bbox 507 1128 607 1190; x_wconf 82' lang='lat' dir='ltr'>literis</span> <span class='ocrx_word' id='word_1_78' title='bbox 629 1129 806 1206; x_wconf 82' lang='lat' dir='ltr'>altibnsqne</span> <span class='ocrx_word' id='word_1_79' title='bbox 827 1133 919 1207; x_wconf 87' lang='lat' dir='ltr'>atqua</span> <span class='ocrx_word' id='word_1_80' title='bbox 939 1128 1062 1208; x_wconf 78' lang='lat' dir='ltr'>linguae</span> <span class='ocrx_word' id='word_1_81' title='bbox 1083 1127 1115 1188; x_wconf 90' lang='lat' dir='ltr'>io</span> <span class='ocrx_word' id='word_1_82' title='bbox 1138 1125 1202 1186; x_wconf 89' lang='lat' dir='ltr'>dics</span> <span class='ocrx_word' id='word_1_83' title='bbox 1225 1127 1321 1206; x_wconf 80' lang='lat' dir='ltr'>magis</span> <span class='ocrx_word' id='word_1_84' title='bbox 1333 1125 1549 1185; x_wconf 79' lang='lat' dir='ltr'>assuescebant</span> <span class='ocrx_word' id='word_1_85' title='bbox 1562 1125 1717 1202; x_wconf 84' lang='lat' dir='ltr'>aequales,</span> <span class='ocrx_word' id='word_1_86' title='bbox 1738 1127 1834 1204; x_wconf 74' lang='lat' dir='ltr'>magia</span> <span class='ocrx_word' id='word_1_87' title='bbox 1847 1141 1938 1205; x_wconf 78' lang='lat' dir='ltr'>grae·</span> 
     </span>
     <span class='ocr_line' id='line_1_8' title="bbox 268 1229 1939 1328; baseline -0.003 -15"><span class='ocrx_word' id='word_1_88' title='bbox 268 1267 305 1313; x_wconf 82' lang='lat' dir='ltr'>ca</span> <span class='ocrx_word' id='word_1_89' title='bbox 332 1251 454 1312; x_wconf 83' lang='lat' dir='ltr'>nomina</span> <span class='ocrx_word' id='word_1_90' title='bbox 481 1249 638 1312; x_wconf 84' lang='lat' dir='ltr'>adamasse</span> <span class='ocrx_word' id='word_1_91' title='bbox 667 1252 699 1310; x_wconf 88' lang='lat' dir='ltr'>et</span> <span class='ocrx_word' id='word_1_92' title='bbox 728 1247 913 1328; x_wconf 76' lang='lat' dir='ltr'>imposuisse</span> <span class='ocrx_word' id='word_1_93' title='bbox 941 1247 1130 1323; x_wconf 81' lang='lat' dir='ltr'>ridetur*),</span> <span class='ocrx_word' id='word_1_94' title='bbox 1159 1245 1341 1326; x_wconf 81' lang='lat' dir='ltr'>praesertim</span> <span class='ocrx_word' id='word_1_95' title='bbox 1371 1263 1438 1306; x_wconf 89' lang='lat' dir='ltr'>cum</span> <span class='ocrx_word' id='word_1_96' title='bbox 1460 1229 1738 1324; x_wconf 70' lang='lat' dir='ltr'>ipseflraecorum</span> <span class='ocrx_word' id='word_1_97' title='bbox 1761 1244 1939 1308; x_wconf 79' lang='lat' dir='ltr'>literaturae</span> 
     </span>
     <span class='ocr_line' id='line_1_9' title="bbox 268 1363 1939 1449; baseline -0.004 -16"><span class='ocrx_word' id='word_1_98' title='bbox 268 1369 439 1433; x_wconf 80' lang='lat' dir='ltr'>alodiosior</span> <span class='ocrx_word' id='word_1_99' title='bbox 460 1373 543 1429; x_wconf 84' lang='lat' dir='ltr'>esset</span> <span class='ocrx_word' id='word_1_100' title='bbox 564 1372 598 1429; x_wconf 87' lang='lat' dir='ltr'>et</span> <span class='ocrx_word' id='word_1_101' title='bbox 618 1367 810 1448; x_wconf 71' lang='lat' dir='ltr'><strong>Scipionibus</strong></span> <span class='ocrx_word' id='word_1_102' title='bbox 842 1387 953 1449; x_wconf 82' lang='lat' dir='ltr'>graeca</span> <span class='ocrx_word' id='word_1_103' title='bbox 973 1367 1134 1428; x_wconf 79' lang='lat' dir='ltr'>admodum</span> <span class='ocrx_word' id='word_1_104' title='bbox 1157 1363 1329 1427; x_wconf 86' lang='lat' dir='ltr'>colentibus</span> <span class='ocrx_word' id='word_1_105' title='bbox 1350 1364 1526 1426; x_wconf 78' lang='lat' dir='ltr'>familiarius</span> <span class='ocrx_word' id='word_1_106' title='bbox 1548 1369 1695 1424; x_wconf 86' lang='lat' dir='ltr'>uteretur.</span> <span class='ocrx_word' id='word_1_107' title='bbox 1739 1365 1870 1440; x_wconf 85' lang='lat' dir='ltr'>Cicero,</span> <span class='ocrx_word' id='word_1_108' title='bbox 1902 1367 1939 1426; x_wconf 82' lang='lat' dir='ltr'>ot</span> 
     </span>
     <span class='ocr_line' id='line_1_10' title="bbox 268 1481 1938 1570; baseline -0.003 -19"><span class='ocrx_word' id='word_1_109' title='bbox 268 1491 369 1570; x_wconf 84' lang='lat' dir='ltr'>aupra&#39;</span> <span class='ocrx_word' id='word_1_110' title='bbox 391 1489 450 1548; x_wconf 87' lang='lat' dir='ltr'>iam</span> <span class='ocrx_word' id='word_1_111' title='bbox 477 1489 626 1550; x_wconf 88' lang='lat' dir='ltr'>monitum</span> <span class='ocrx_word' id='word_1_112' title='bbox 656 1483 722 1564; x_wconf 81' lang='lat' dir='ltr'>esi,</span> <span class='ocrx_word' id='word_1_113' title='bbox 754 1487 1123 1570; x_wconf 82' lang='lat' dir='ltr'>Heautontimorumenou</span> <span class='ocrx_word' id='word_1_114' title='bbox 1151 1485 1246 1548; x_wconf 88' lang='lat' dir='ltr'>latine</span> <span class='ocrx_word' id='word_1_115' title='bbox 1261 1485 1368 1546; x_wconf 83' lang='lat' dir='ltr'>-rocarl</span> <span class='ocrx_word' id='word_1_116' title='bbox 1390 1484 1530 1566; x_wconf 83' lang='lat' dir='ltr'>potuisse</span> <span class='ocrx_word' id='word_1_117' title='bbox 1553 1481 1598 1545; x_wconf 85' lang='lat' dir='ltr'>So</span> <span class='ocrx_word' id='word_1_118' title='bbox 1618 1485 1718 1566; x_wconf 76' lang='lat' dir='ltr'>ipsum</span> <span class='ocrx_word' id='word_1_119' title='bbox 1735 1483 1938 1566; x_wconf 79' lang='lat' dir='ltr'>poenicntsro</span> 
     </span>
     <span class='ocr_line' id='line_1_11' title="bbox 166 1584 1797 1682; baseline -0.006 -11"><span class='ocrx_word' id='word_1_120' title='bbox 166 1584 173 1594; x_wconf 50' lang='lat'><em>⁰</em></span> <span class='ocrx_word' id='word_1_121' title='bbox 267 1612 375 1671; x_wconf 85' lang='lat' dir='ltr'>mouet</span> <span class='ocrx_word' id='word_1_122' title='bbox 396 1605 522 1668; x_wconf 82' lang='lat' dir='ltr'>Turoni.</span> <span class='ocrx_word' id='word_1_123' title='bbox 543 1606 576 1682; x_wconf 73' lang='lat'>8,</span> <span class='ocrx_word' id='word_1_124' title='bbox 598 1605 653 1668; x_wconf 66' lang='lat' dir='ltr'>hi.</span> <span class='ocrx_word' id='word_1_125' title='bbox 1790 1595 1797 1604; x_wconf 84' lang='lat'><em>&#39;</em></span> 
     </span>
    </p>

    <p class='ocr_par' dir='ltr' id='par_1_7' title="bbox 213 1722 2005 2772">
     <span class='ocr_line' id='line_1_12' title="bbox 329 1722 1938 1814; baseline -0.001 -26"><span class='ocrx_word' id='word_1_126' title='bbox 329 1725 457 1788; x_wconf 80' lang='lat' dir='ltr'>&#39;Huius</span> <span class='ocrx_word' id='word_1_127' title='bbox 479 1727 620 1807; x_wconf 84' lang='lat' dir='ltr'>generis,</span> <span class='ocrx_word' id='word_1_128' title='bbox 643 1745 707 1806; x_wconf 89' lang='lat' dir='ltr'>quo</span> <span class='ocrx_word' id='word_1_129' title='bbox 728 1729 849 1789; x_wconf 89' lang='lat' dir='ltr'>uomina</span> <span class='ocrx_word' id='word_1_130' title='bbox 870 1733 987 1789; x_wconf 86' lang='lat' dir='ltr'>tantum</span> <span class='ocrx_word' id='word_1_131' title='bbox 1010 1728 1193 1790; x_wconf 79' lang='lat' dir='ltr'>eversione</span> <span class='ocrx_word' id='word_1_132' title='bbox 1214 1728 1372 1799; x_wconf 84' lang='lat' dir='ltr'>oriuntur,</span> <span class='ocrx_word' id='word_1_133' title='bbox 1402 1723 1486 1814; x_wconf 90' lang='lat' dir='ltr'>qnod</span> <span class='ocrx_word' id='word_1_134' title='bbox 1509 1722 1631 1804; x_wconf 89' lang='lat' dir='ltr'>quidem</span> <span class='ocrx_word' id='word_1_135' title='bbox 1650 1723 1733 1788; x_wconf 83' lang='lat' dir='ltr'>haud</span> <span class='ocrx_word' id='word_1_136' title='bbox 1756 1725 1938 1806; x_wconf 80' lang='lat' dir='ltr'>infrequens</span> 
     </span>
     <span class='ocr_line' id='line_1_13' title="bbox 214 1843 1936 1929; baseline 0 -22"><span class='ocrx_word' id='word_1_137' title='bbox 214 1872 221 1880; x_wconf 93' lang='lat'><em>·</em></span> <span class='ocrx_word' id='word_1_138' title='bbox 267 1844 349 1929; x_wconf 75' lang='lat' dir='ltr'>apud</span> <span class='ocrx_word' id='word_1_139' title='bbox 370 1843 522 1907; x_wconf 86' lang='lat' dir='ltr'>Romanos</span> <span class='ocrx_word' id='word_1_140' title='bbox 544 1845 612 1920; x_wconf 84' lang='lat' dir='ltr'>luit,</span> <span class='ocrx_word' id='word_1_141' title='bbox 634 1847 772 1928; x_wconf 78' lang='lat' dir='ltr'>exempla</span> <span class='ocrx_word' id='word_1_142' title='bbox 794 1848 821 1908; x_wconf 87' lang='lat' dir='ltr'>si</span> <span class='ocrx_word' id='word_1_143' title='bbox 845 1849 1036 1927; x_wconf 85' lang='lat' dir='ltr'>quaerimus,</span> <span class='ocrx_word' id='word_1_144' title='bbox 1059 1848 1185 1909; x_wconf 89' lang='lat' dir='ltr'>Caecilii</span> <span class='ocrx_word' id='word_1_145' title='bbox 1204 1847 1297 1908; x_wconf 85' lang='lat' dir='ltr'>Statii</span> <span class='ocrx_word' id='word_1_146' title='bbox 1323 1845 1509 1907; x_wconf 77' lang='lat' dir='ltr'>obolostate</span> <span class='ocrx_word' id='word_1_147' title='bbox 1532 1851 1563 1906; x_wconf 88' lang='lat' dir='ltr'>et</span> <span class='ocrx_word' id='word_1_148' title='bbox 1585 1845 1781 1906; x_wconf 63' lang='lat' dir='ltr'>Merctor</span> <span class='ocrx_word' id='word_1_149' title='bbox 1803 1863 1936 1907; x_wconf 87' lang='lat' dir='ltr'>comme·</span> 
     </span>
     <span class='ocr_line' id='line_1_14' title="bbox 265 1949 1939 2048; baseline 0 -20"><span class='ocrx_word' id='word_1_150' title='bbox 265 1970 414 2028; x_wconf 85' lang='lat' dir='ltr'>moratur.</span> <span class='ocrx_word' id='word_1_151' title='bbox 457 1965 549 2046; x_wconf 83' lang='lat' dir='ltr'>Apud</span> <span class='ocrx_word' id='word_1_152' title='bbox 570 1963 721 2042; x_wconf 88' lang='lat' dir='ltr'>Nonium,</span> <span class='ocrx_word' id='word_1_153' title='bbox 749 1967 894 2043; x_wconf 79' lang='lat' dir='ltr'>Festum,</span> <span class='ocrx_word' id='word_1_154' title='bbox 917 1969 1050 2030; x_wconf 88' lang='lat' dir='ltr'>Gellium</span> <span class='ocrx_word' id='word_1_155' title='bbox 1073 1970 1211 2048; x_wconf 88' lang='lat' dir='ltr'>aliosque</span> <span class='ocrx_word' id='word_1_156' title='bbox 1233 1967 1324 2029; x_wconf 91' lang='lat' dir='ltr'>modo</span> <span class='ocrx_word' id='word_1_157' title='bbox 1346 1965 1407 2027; x_wconf 90' lang='lat' dir='ltr'>hoc</span> <span class='ocrx_word' id='word_1_158' title='bbox 1428 1967 1518 2026; x_wconf 91' lang='lat' dir='ltr'>modo</span> <span class='ocrx_word' id='word_1_159' title='bbox 1540 1949 1615 2027; x_wconf 88' lang='lat' dir='ltr'>illud</span> <span class='ocrx_word' id='word_1_160' title='bbox 1640 1949 1747 2025; x_wconf 76' lang='lat' dir='ltr'>nome&#39;n</span> <span class='ocrx_word' id='word_1_161' title='bbox 1771 1964 1885 2046; x_wconf 79' lang='lat' dir='ltr'>iegitur</span> <span class='ocrx_word' id='word_1_162' title='bbox 1905 1968 1939 2028; x_wconf 81' lang='lat' dir='ltr'>el</span> 
     </span>
     <span class='ocr_line' id='line_1_15' title="bbox 213 2075 1937 2163; baseline -0.001 -16"><span class='ocrx_word' id='word_1_163' title='bbox 213 2119 214 2122; x_wconf 34' lang='lat'>¹</span> <span class='ocrx_word' id='word_1_164' title='bbox 264 2088 353 2148; x_wconf 78' lang='lat' dir='ltr'>recte</span> <span class='ocrx_word' id='word_1_165' title='bbox 372 2087 432 2146; x_wconf 89' lang='lat' dir='ltr'>iam</span> <span class='ocrx_word' id='word_1_166' title='bbox 454 2085 523 2160; x_wconf 90' lang='lat' dir='ltr'>alii,</span> <span class='ocrx_word' id='word_1_167' title='bbox 545 2089 581 2146; x_wconf 91' lang='lat' dir='ltr'>ut</span> <span class='ocrx_word' id='word_1_168' title='bbox 600 2085 774 2160; x_wconf 74' lang='lat' dir='ltr'>Mercenna,</span> <span class='ocrx_word' id='word_1_169' title='bbox 795 2086 952 2162; x_wconf 82' lang='lat' dir='ltr'>viderunt,</span> <span class='ocrx_word' id='word_1_170' title='bbox 984 2075 1075 2148; x_wconf 34' lang='lat' dir='ltr'>&#39;unam</span> <span class='ocrx_word' id='word_1_171' title='bbox 1097 2107 1172 2163; x_wconf 84' lang='lat' dir='ltr'>esre</span> <span class='ocrx_word' id='word_1_172' title='bbox 1190 2087 1338 2162; x_wconf 76' lang='lat' dir='ltr'>labiniam,</span> <span class='ocrx_word' id='word_1_173' title='bbox 1367 2088 1459 2146; x_wconf 91' lang='lat' dir='ltr'>sicuti</span> <span class='ocrx_word' id='word_1_174' title='bbox 1480 2104 1539 2146; x_wconf 90' lang='lat' dir='ltr'>una</span> <span class='ocrx_word' id='word_1_175' title='bbox 1562 2091 1612 2146; x_wconf 84' lang='lat' dir='ltr'>ast</span> <span class='ocrx_word' id='word_1_176' title='bbox 1633 2086 1784 2147; x_wconf 82' lang='lat' dir='ltr'>nominum</span> <span class='ocrx_word' id='word_1_177' title='bbox 1807 2085 1937 2146; x_wconf 87' lang='lat' dir='ltr'>duorum</span> 
     </span>
     <span class='ocr_line' id='line_1_16' title="bbox 265 2203 1938 2287; baseline 0 -21"><span class='ocrx_word' id='word_1_178' title='bbox 265 2203 462 2286; x_wconf 74' lang='lat' dir='ltr'>alguilicatio.</span> <span class='ocrx_word' id='word_1_179' title='bbox 503 2203 627 2263; x_wconf 82' lang='lat' dir='ltr'>Pariter</span> <span class='ocrx_word' id='word_1_180' title='bbox 652 2204 783 2284; x_wconf 79' lang='lat' dir='ltr'>legimus</span> <span class='ocrx_word' id='word_1_181' title='bbox 811 2207 892 2285; x_wconf 82' lang='lat' dir='ltr'>apud</span> <span class='ocrx_word' id='word_1_182' title='bbox 914 2205 1045 2267; x_wconf 90' lang='lat' dir='ltr'>Nouium</span> <span class='ocrx_word' id='word_1_183' title='bbox 1068 2207 1266 2286; x_wconf 85' lang='lat' dir='ltr'>Gelliumque</span> <span class='ocrx_word' id='word_1_184' title='bbox 1292 2208 1340 2287; x_wconf 80' lang='lat' dir='ltr'>(i,</span> <span class='ocrx_word' id='word_1_185' title='bbox 1368 2205 1414 2284; x_wconf 82' lang='lat'>9.)</span> <span class='ocrx_word' id='word_1_186' title='bbox 1444 2207 1484 2266; x_wconf 93' lang='lat' dir='ltr'>de</span> <span class='ocrx_word' id='word_1_187' title='bbox 1507 2205 1630 2266; x_wconf 84' lang='lat' dir='ltr'>Laberii</span> <span class='ocrx_word' id='word_1_188' title='bbox 1655 2204 1828 2279; x_wconf 84' lang='lat' dir='ltr'>comoedia,</span> <span class='ocrx_word' id='word_1_189' title='bbox 1858 2221 1938 2284; x_wconf 82' lang='lat' dir='ltr'>queo</span> 
     </span>
     <span class='ocr_line' id='line_1_17' title="bbox 265 2299 1937 2405; baseline -0.001 -20"><span class='ocrx_word' id='word_1_190' title='bbox 265 2299 634 2386; x_wconf 55' lang='lat' dir='ltr'>dominatur‘Cotularius</span> <span class='ocrx_word' id='word_1_191' title='bbox 656 2316 732 2404; x_wconf 87' lang='lat' dir='ltr'>(vel,</span> <span class='ocrx_word' id='word_1_192' title='bbox 754 2327 791 2384; x_wconf 92' lang='lat' dir='ltr'>nt</span> <span class='ocrx_word' id='word_1_193' title='bbox 811 2325 955 2402; x_wconf 90' lang='lat' dir='ltr'>equidem</span> <span class='ocrx_word' id='word_1_194' title='bbox 977 2327 1147 2401; x_wconf 87' lang='lat' dir='ltr'>maluerim,</span> <span class='ocrx_word' id='word_1_195' title='bbox 1170 2327 1345 2401; x_wconf 71' lang='lat' dir='ltr'>Catulario,</span> <span class='ocrx_word' id='word_1_196' title='bbox 1380 2325 1632 2405; x_wconf 74' lang='lat' dir='ltr'>quemadmodum</span> <span class='ocrx_word' id='word_1_197' title='bbox 1656 2323 1847 2385; x_wconf 87' lang='lat' dir='ltr'>Mostellaria</span> <span class='ocrx_word' id='word_1_198' title='bbox 1867 2341 1937 2385; x_wconf 85' lang='lat' dir='ltr'>com</span> 
     </span>
     <span class='ocr_line' id='line_1_18' title="bbox 266 2437 2005 2526; baseline -0.001 -21"><span class='ocrx_word' id='word_1_199' title='bbox 266 2441 430 2505; x_wconf 73' lang='lat' dir='ltr'>Phasmate</span> <span class='ocrx_word' id='word_1_200' title='bbox 452 2441 558 2502; x_wconf 90' lang='lat' dir='ltr'>eadem</span> <span class='ocrx_word' id='word_1_201' title='bbox 579 2437 646 2524; x_wconf 91' lang='lat' dir='ltr'>est)</span> <span class='ocrx_word' id='word_1_202' title='bbox 668 2442 781 2517; x_wconf 87' lang='lat' dir='ltr'>latine,</span> <span class='ocrx_word' id='word_1_203' title='bbox 810 2462 923 2523; x_wconf 81' lang='lat' dir='ltr'>graece</span> <span class='ocrx_word' id='word_1_204' title='bbox 944 2445 1064 2525; x_wconf 82' lang='lat' dir='ltr'>Scylax.</span> <span class='ocrx_word' id='word_1_205' title='bbox 1108 2447 1352 2523; x_wconf 75' lang='lat' dir='ltr'>Quod-iocinore</span> <span class='ocrx_word' id='word_1_206' title='bbox 1375 2446 1474 2522; x_wconf 89' lang='lat' dir='ltr'>dicas,</span> <span class='ocrx_word' id='word_1_207' title='bbox 1504 2445 1744 2526; x_wconf 79' lang='lat' dir='ltr'>agrammaticia</span> <span class='ocrx_word' id='word_1_208' title='bbox 1766 2443 1858 2505; x_wconf 92' lang='lat' dir='ltr'>modo</span> <span class='ocrx_word' id='word_1_209' title='bbox 1879 2441 1936 2504; x_wconf 85' lang='lat' dir='ltr'>do·</span> <span class='ocrx_word' id='word_1_210' title='bbox 2000 2519 2005 2521; x_wconf 29' lang='grc'><strong>,</strong></span> 
     </span>
     <span class='ocr_line' id='line_1_19' title="bbox 266 2557 1936 2646; baseline -0.001 -20"><span class='ocrx_word' id='word_1_211' title='bbox 266 2562 384 2626; x_wconf 85' lang='lat' dir='ltr'>clrioae</span> <span class='ocrx_word' id='word_1_212' title='bbox 404 2561 537 2641; x_wconf 77' lang='lat' dir='ltr'>speciem</span> <span class='ocrx_word' id='word_1_213' title='bbox 559 2561 770 2622; x_wconf 79' lang='lat' dir='ltr'>affectantibus</span> <span class='ocrx_word' id='word_1_214' title='bbox 791 2565 962 2625; x_wconf 80' lang='lat' dir='ltr'>versionem</span> <span class='ocrx_word' id='word_1_215' title='bbox 986 2583 1058 2626; x_wconf 84' lang='lat' dir='ltr'>esse</span> <span class='ocrx_word' id='word_1_216' title='bbox 1078 2564 1207 2640; x_wconf 84' lang='lat' dir='ltr'>iactam,</span> <span class='ocrx_word' id='word_1_217' title='bbox 1231 2557 1292 2626; x_wconf 75' lang='lat' dir='ltr'>lior</span> <span class='ocrx_word' id='word_1_218' title='bbox 1313 2568 1413 2626; x_wconf 78' lang='lat' dir='ltr'>minuis</span> <span class='ocrx_word' id='word_1_219' title='bbox 1435 2567 1564 2627; x_wconf 82' lang='lat' dir='ltr'>animiam</span> <span class='ocrx_word' id='word_1_220' title='bbox 1587 2565 1731 2639; x_wconf 76' lang='lat' dir='ltr'>induces,</span> <span class='ocrx_word' id='word_1_221' title='bbox 1753 2565 1780 2624; x_wconf 84' lang='lat' dir='ltr'>ai</span> <span class='ocrx_word' id='word_1_222' title='bbox 1802 2581 1936 2646; x_wconf 77' lang='lat' dir='ltr'>perpen-</span> 
     </span>
     <span class='ocr_line' id='line_1_20' title="bbox 264 2657 1935 2772; baseline 0.001 -28"><span class='ocrx_word' id='word_1_223' title='bbox 264 2679 359 2758; x_wconf 82' lang='lat' dir='ltr'>deris,</span> <span class='ocrx_word' id='word_1_224' title='bbox 381 2700 399 2741; x_wconf 93' lang='lat' dir='ltr'>a</span> <span class='ocrx_word' id='word_1_225' title='bbox 420 2680 627 2759; x_wconf 83' lang='lat' dir='ltr'>compluribus</span> <span class='ocrx_word' id='word_1_226' title='bbox 649 2681 851 2762; x_wconf 83' lang='lat' dir='ltr'>scriptoribus</span> <span class='ocrx_word' id='word_1_227' title='bbox 873 2689 907 2744; x_wconf 92' lang='lat' dir='ltr'>et</span> <span class='ocrx_word' id='word_1_228' title='bbox 925 2683 987 2745; x_wconf 90' lang='lat' dir='ltr'>hoe</span> <span class='ocrx_word' id='word_1_229' title='bbox 1009 2691 1042 2745; x_wconf 92' lang='lat' dir='ltr'>et</span> <span class='ocrx_word' id='word_1_230' title='bbox 1064 2684 1141 2748; x_wconf 88' lang='lat' dir='ltr'>illud</span> <span class='ocrx_word' id='word_1_231' title='bbox 1163 2705 1272 2772; x_wconf 83' lang='lat' dir='ltr'>nomen</span> <span class='ocrx_word' id='word_1_232' title='bbox 1289 2685 1443 2764; x_wconf 85' lang='lat' dir='ltr'>usurpari,</span> <span class='ocrx_word' id='word_1_233' title='bbox 1466 2689 1501 2744; x_wconf 91' lang='lat' dir='ltr'>ut</span> <span class='ocrx_word' id='word_1_234' title='bbox 1515 2657 1628 2759; x_wconf 80' lang='lat' dir='ltr'>videaa&#39;,</span> <span class='ocrx_word' id='word_1_235' title='bbox 1649 2685 1681 2744; x_wconf 93' lang='lat' dir='ltr'>in</span> <span class='ocrx_word' id='word_1_236' title='bbox 1694 2685 1803 2765; x_wconf 81' lang='lat' dir='ltr'>vulgus</span> <span class='ocrx_word' id='word_1_237' title='bbox 1818 2689 1935 2746; x_wconf 88' lang='lat' dir='ltr'>utrom-</span> 
     </span>
    </p>
   </div>
   <div class='ocr_carea' id='block_1_7' title="bbox 267 2799 2195 2886">
    <p class='ocr_par' dir='ltr' id='par_1_8' title="bbox 267 2799 2195 2886">
     <span class='ocr_line' id='line_1_21' title="bbox 267 2799 2195 2886; baseline 0.004 -26"><span class='ocrx_word' id='word_1_238' title='bbox 267 2817 329 2880; x_wconf 88' lang='lat' dir='ltr'>que</span> <span class='ocrx_word' id='word_1_239' title='bbox 356 2804 514 2879; x_wconf 80' lang='lat' dir='ltr'>receptum</span> <span class='ocrx_word' id='word_1_240' title='bbox 542 2799 650 2886; x_wconf 72' lang='lat' dir='ltr'>inisse.</span> <span class='ocrx_word' id='word_1_241' title='bbox 693 2801 797 2862; x_wconf 78' lang='lat' dir='ltr'>illinus</span> <span class='ocrx_word' id='word_1_242' title='bbox 830 2810 916 2863; x_wconf 85' lang='lat' dir='ltr'>recte</span> <span class='ocrx_word' id='word_1_243' title='bbox 944 2803 1000 2865; x_wconf 87' lang='lat' dir='ltr'>has</span> <span class='ocrx_word' id='word_1_244' title='bbox 1031 2803 1154 2884; x_wconf 90' lang='lat' dir='ltr'>quidem</span> <span class='ocrx_word' id='word_1_245' title='bbox 1177 2806 1349 2866; x_wconf 79' lang='lat' dir='ltr'>comoedias</span> <span class='ocrx_word' id='word_1_246' title='bbox 1370 2805 1539 2865; x_wconf 85' lang='lat' dir='ltr'>binomines</span> <span class='ocrx_word' id='word_1_247' title='bbox 1562 2804 1622 2865; x_wconf 90' lang='lat' dir='ltr'>dici</span> <span class='ocrx_word' id='word_1_248' title='bbox 1645 2810 1790 2884; x_wconf 77' lang='lat' dir='ltr'>apparet3</span> <span class='ocrx_word' id='word_1_249' title='bbox 1834 2822 1936 2883; x_wconf 87' lang='lat' dir='ltr'>oeque</span> <span class='ocrx_word' id='word_1_250' title='bbox 2061 2848 2065 2858; x_wconf 67' lang='grc'><strong>.</strong></span> <span class='ocrx_word' id='word_1_251' title='bbox 2194 2830 2195 2838; x_wconf 51' lang='lat'>¹</span> 
     </span>
    </p>
   </div>
   <div class='ocr_carea' id='block_1_8' title="bbox 259 2918 1936 4324">
    <p class='ocr_par' dir='ltr' id='par_1_9' title="bbox 263 2918 1936 3126">
     <span class='ocr_line' id='line_1_22' title="bbox 266 2918 1936 3004; baseline 0.003 -23"><span class='ocrx_word' id='word_1_252' title='bbox 266 2920 359 2994; x_wconf 85' lang='lat' dir='ltr'>auiu,</span> <span class='ocrx_word' id='word_1_253' title='bbox 380 2918 508 3000; x_wconf 83' lang='lat' dir='ltr'>proprie</span> <span class='ocrx_word' id='word_1_254' title='bbox 529 2918 558 2978; x_wconf 91' lang='lat' dir='ltr'>al</span> <span class='ocrx_word' id='word_1_255' title='bbox 578 2935 643 2980; x_wconf 88' lang='lat' dir='ltr'>rom</span> <span class='ocrx_word' id='word_1_256' title='bbox 666 2927 800 2998; x_wconf 81' lang='lat' dir='ltr'>spectas,</span> <span class='ocrx_word' id='word_1_257' title='bbox 822 2923 936 3002; x_wconf 78' lang='lat' dir='ltr'>duplex</span> <span class='ocrx_word' id='word_1_258' title='bbox 958 2929 1008 2984; x_wconf 84' lang='lat' dir='ltr'>est</span> <span class='ocrx_word' id='word_1_259' title='bbox 1029 2943 1150 3000; x_wconf 90' lang='lat' dir='ltr'>nomeu,</span> <span class='ocrx_word' id='word_1_260' title='bbox 1173 2924 1229 3004; x_wconf 83' lang='lat' dir='ltr'>sed</span> <span class='ocrx_word' id='word_1_261' title='bbox 1251 2934 1346 2986; x_wconf 83' lang='lat' dir='ltr'>uuum</span> <span class='ocrx_word' id='word_1_262' title='bbox 1364 2925 1468 3000; x_wconf 91' lang='lat' dir='ltr'>modo,</span> <span class='ocrx_word' id='word_1_263' title='bbox 1490 2923 1578 2986; x_wconf 85' lang='lat' dir='ltr'>cuins</span> <span class='ocrx_word' id='word_1_264' title='bbox 1600 2924 1763 2986; x_wconf 78' lang='lat' dir='ltr'>diversitas</span> <span class='ocrx_word' id='word_1_265' title='bbox 1784 2929 1936 2988; x_wconf 74' lang='grc' dir='ltr'><strong>ῑιιιιιιιιι</strong></span> 
     </span>
     <span class='ocr_line' id='line_1_23' title="bbox 263 3039 976 3126; baseline 0 -24"><span class='ocrx_word' id='word_1_266' title='bbox 263 3055 406 3102; x_wconf 70' lang='lat' dir='ltr'>ammone</span> <span class='ocrx_word' id='word_1_267' title='bbox 427 3039 603 3126; x_wconf 79' lang='lat' dir='ltr'>linguaque,</span> <span class='ocrx_word' id='word_1_268' title='bbox 625 3057 686 3100; x_wconf 90' lang='lat' dir='ltr'>uon</span> <span class='ocrx_word' id='word_1_269' title='bbox 710 3058 729 3100; x_wconf 91' lang='lat' dir='ltr'>e</span> <span class='ocrx_word' id='word_1_270' title='bbox 750 3059 844 3106; x_wconf 84' lang='lat' dir='ltr'>sensa</span> <span class='ocrx_word' id='word_1_271' title='bbox 867 3043 976 3102; x_wconf 85' lang='lat' dir='ltr'>oritur.</span> 
     </span>
    </p>

    <p class='ocr_par' dir='ltr' id='par_1_10' title="bbox 259 3157 1935 4324">
     <span class='ocr_line' id='line_1_24' title="bbox 260 3157 1935 3245; baseline 0.004 -26"><span class='ocrx_word' id='word_1_272' title='bbox 260 3159 262 3166; x_wconf 82' lang='lat'>&#39;</span> <span class='ocrx_word' id='word_1_273' title='bbox 353 3159 416 3220; x_wconf 83' lang='lat' dir='ltr'>Sed</span> <span class='ocrx_word' id='word_1_274' title='bbox 437 3164 473 3220; x_wconf 85' lang='lat' dir='ltr'>ul</span> <span class='ocrx_word' id='word_1_275' title='bbox 492 3159 552 3220; x_wconf 88' lang='lat' dir='ltr'>iam</span> <span class='ocrx_word' id='word_1_276' title='bbox 574 3157 612 3219; x_wconf 90' lang='lat' dir='ltr'>ad</span> <span class='ocrx_word' id='word_1_277' title='bbox 634 3159 764 3222; x_wconf 87' lang='lat' dir='ltr'>alterum</span> <span class='ocrx_word' id='word_1_278' title='bbox 785 3180 882 3241; x_wconf 76' lang='lat' dir='ltr'>genus</span> <span class='ocrx_word' id='word_1_279' title='bbox 904 3163 1070 3238; x_wconf 78' lang='lat' dir='ltr'>veniamus,</span> <span class='ocrx_word' id='word_1_280' title='bbox 1091 3162 1169 3225; x_wconf 90' lang='lat' dir='ltr'>aliae</span> <span class='ocrx_word' id='word_1_281' title='bbox 1184 3169 1263 3226; x_wconf 88' lang='lat' dir='ltr'>sunt</span> <span class='ocrx_word' id='word_1_282' title='bbox 1284 3164 1461 3226; x_wconf 84' lang='lat' dir='ltr'>comoediae</span> <span class='ocrx_word' id='word_1_283' title='bbox 1478 3163 1695 3240; x_wconf 80' lang='lat' dir='ltr'>Romanorum,</span> <span class='ocrx_word' id='word_1_284' title='bbox 1717 3182 1805 3245; x_wconf 85' lang='lat' dir='ltr'>quar,</span> <span class='ocrx_word' id='word_1_285' title='bbox 1826 3181 1935 3244; x_wconf 86' lang='lat' dir='ltr'>qoem·</span> 
     </span>
     <span class='ocr_line' id='line_1_25' title="bbox 266 3275 1935 3365; baseline 0.005 -26"><span class='ocrx_word' id='word_1_286' title='bbox 266 3275 430 3340; x_wconf 77' lang='lat' dir='ltr'>admodum</span> <span class='ocrx_word' id='word_1_287' title='bbox 452 3278 534 3360; x_wconf 78' lang='lat' dir='ltr'>apud</span> <span class='ocrx_word' id='word_1_288' title='bbox 557 3279 695 3340; x_wconf 85' lang='lat' dir='ltr'>Graecos</span> <span class='ocrx_word' id='word_1_289' title='bbox 716 3279 831 3342; x_wconf 88' lang='lat' dir='ltr'>iactum</span> <span class='ocrx_word' id='word_1_290' title='bbox 852 3282 1006 3358; x_wconf 81' lang='lat' dir='ltr'>ridemus,</span> <span class='ocrx_word' id='word_1_291' title='bbox 1033 3284 1152 3344; x_wconf 81' lang='lat' dir='ltr'>doohurs</span> <span class='ocrx_word' id='word_1_292' title='bbox 1174 3284 1344 3346; x_wconf 86' lang='lat' dir='ltr'>nominibus</span> <span class='ocrx_word' id='word_1_293' title='bbox 1366 3284 1482 3346; x_wconf 82' lang='lat' dir='ltr'>diversi</span> <span class='ocrx_word' id='word_1_294' title='bbox 1502 3304 1612 3346; x_wconf 85' lang='lat' dir='ltr'>seusus</span> <span class='ocrx_word' id='word_1_295' title='bbox 1634 3285 1798 3365; x_wconf 78' lang='lat' dir='ltr'>inscriptas</span> <span class='ocrx_word' id='word_1_296' title='bbox 1817 3282 1935 3348; x_wconf 81' lang='lat' dir='ltr'>inveni·</span> 
     </span>
     <span class='ocr_line' id='line_1_26' title="bbox 261 3383 1934 3486; baseline 0.003 -23"><span class='ocrx_word' id='word_1_297' title='bbox 261 3413 342 3474; x_wconf 69' lang='grc' dir='ltr'><strong>ηιι,</strong></span> <span class='ocrx_word' id='word_1_298' title='bbox 365 3415 441 3478; x_wconf 89' lang='lat' dir='ltr'>quas</span> <span class='ocrx_word' id='word_1_299' title='bbox 462 3400 531 3460; x_wconf 89' lang='lat' dir='ltr'>iure</span> <span class='ocrx_word' id='word_1_300' title='bbox 550 3383 721 3460; x_wconf 73' lang='lat' dir='ltr'>binomium</span> <span class='ocrx_word' id='word_1_301' title='bbox 741 3401 846 3463; x_wconf 85' lang='lat' dir='ltr'>dicere</span> <span class='ocrx_word' id='word_1_302' title='bbox 867 3401 950 3464; x_wconf 84' lang='lat' dir='ltr'>licet.</span> <span class='ocrx_word' id='word_1_303' title='bbox 993 3401 1125 3466; x_wconf 85' lang='lat' dir='ltr'>Vacoam</span> <span class='ocrx_word' id='word_1_304' title='bbox 1146 3403 1196 3464; x_wconf 80' lang='lat' dir='ltr'>vel</span> <span class='ocrx_word' id='word_1_305' title='bbox 1218 3403 1410 3485; x_wconf 75' lang='lat' dir='ltr'>Mamuyium</span> <span class='ocrx_word' id='word_1_306' title='bbox 1436 3405 1626 3467; x_wconf 85' lang='lat' dir='ltr'>comoediam</span> <span class='ocrx_word' id='word_1_307' title='bbox 1648 3404 1809 3486; x_wconf 72' lang='lat' dir='ltr'>Pomponii</span> <span class='ocrx_word' id='word_1_308' title='bbox 1830 3406 1934 3468; x_wconf 85' lang='lat' dir='ltr'>liono-</span> 
     </span>
     <span class='ocr_line' id='line_1_27' title="bbox 264 3511 1935 3614; baseline 0.007 -36"><span class='ocrx_word' id='word_1_309' title='bbox 264 3515 382 3578; x_wconf 87' lang='lat' dir='ltr'>olaasis</span> <span class='ocrx_word' id='word_1_310' title='bbox 410 3523 626 3614; x_wconf 66' lang='lat' dir='ltr'>commemorat</span> <span class='ocrx_word' id='word_1_311' title='bbox 647 3518 793 3582; x_wconf 80' lang='lat' dir='ltr'>Priscian.</span> <span class='ocrx_word' id='word_1_312' title='bbox 817 3511 870 3597; x_wconf 81' lang='lat' dir='ltr'>lo,</span> <span class='ocrx_word' id='word_1_313' title='bbox 890 3522 923 3597; x_wconf 77' lang='lat'>³,</span> <span class='ocrx_word' id='word_1_314' title='bbox 946 3528 978 3583; x_wconf 87' lang='lat' dir='ltr'>et</span> <span class='ocrx_word' id='word_1_315' title='bbox 999 3523 1136 3586; x_wconf 87' lang='lat' dir='ltr'>eiusdem</span> <span class='ocrx_word' id='word_1_316' title='bbox 1157 3531 1271 3604; x_wconf 80' lang='lat' dir='ltr'>poetae</span> <span class='ocrx_word' id='word_1_317' title='bbox 1292 3525 1472 3606; x_wconf 76' lang='lat' dir='ltr'>drnrsoiceau</span> <span class='ocrx_word' id='word_1_318' title='bbox 1493 3523 1544 3586; x_wconf 84' lang='lat' dir='ltr'>rel</span> <span class='ocrx_word' id='word_1_319' title='bbox 1564 3525 1752 3588; x_wconf 80' lang='lat' dir='ltr'>Praeconem</span> <span class='ocrx_word' id='word_1_320' title='bbox 1773 3523 1935 3590; x_wconf 74' lang='lat' dir='ltr'>Rusticana</span> 
     </span>
     <span class='ocr_line' id='line_1_28' title="bbox 263 3631 1934 3733; baseline 0.007 -36"><span class='ocrx_word' id='word_1_321' title='bbox 263 3631 383 3698; x_wconf 79' lang='lat' dir='ltr'>Nouius</span> <span class='ocrx_word' id='word_1_322' title='bbox 412 3635 470 3698; x_wconf 87' lang='lat' dir='ltr'>auh</span> <span class='ocrx_word' id='word_1_323' title='bbox 499 3655 565 3700; x_wconf 82' lang='lat' dir='ltr'>voc.</span> <span class='ocrx_word' id='word_1_324' title='bbox 589 3639 724 3720; x_wconf 80' lang='lat' dir='ltr'>paritor.</span> <span class='ocrx_word' id='word_1_325' title='bbox 767 3639 868 3733; x_wconf 70' lang='lat' dir='ltr'>Bitiam</span> <span class='ocrx_word' id='word_1_326' title='bbox 896 3643 929 3702; x_wconf 91' lang='lat' dir='ltr'>in</span> <span class='ocrx_word' id='word_1_327' title='bbox 949 3641 1053 3704; x_wconf 87' lang='lat' dir='ltr'>Plauti</span> <span class='ocrx_word' id='word_1_328' title='bbox 1080 3643 1251 3705; x_wconf 85' lang='lat' dir='ltr'>comoediis</span> <span class='ocrx_word' id='word_1_329' title='bbox 1279 3649 1446 3723; x_wconf 89' lang='lat' dir='ltr'>utrumque</span> <span class='ocrx_word' id='word_1_330' title='bbox 1467 3644 1628 3707; x_wconf 81' lang='lat' dir='ltr'>titrrlorum</span> <span class='ocrx_word' id='word_1_331' title='bbox 1650 3645 1815 3725; x_wconf 69' lang='lat' dir='ltr'>unocun-</span> <span class='ocrx_word' id='word_1_332' title='bbox 1837 3663 1934 3726; x_wconf 68' lang='lat' dir='ltr'>genua</span> 
     </span>
     <span class='ocr_line' id='line_1_29' title="bbox 262 3751 1934 3846; baseline 0.008 -31"><span class='ocrx_word' id='word_1_333' title='bbox 262 3751 380 3836; x_wconf 80' lang='lat' dir='ltr'>passim</span> <span class='ocrx_word' id='word_1_334' title='bbox 407 3755 505 3816; x_wconf 79' lang='lat' dir='ltr'>fuisse</span> <span class='ocrx_word' id='word_1_335' title='bbox 532 3758 808 3820; x_wconf 83' lang='lat' dir='ltr'>animadvertimus.</span> <span class='ocrx_word' id='word_1_336' title='bbox 851 3760 879 3822; x_wconf 80' lang='grc' dir='ltr'>Ε</span> <span class='ocrx_word' id='word_1_337' title='bbox 908 3762 1077 3842; x_wconf 81' lang='lat' dir='ltr'>deperditis</span> <span class='ocrx_word' id='word_1_338' title='bbox 1107 3763 1208 3824; x_wconf 85' lang='lat' dir='ltr'>Plauti</span> <span class='ocrx_word' id='word_1_339' title='bbox 1234 3763 1347 3824; x_wconf 80' lang='lat' dir='ltr'>fabulis</span> <span class='ocrx_word' id='word_1_340' title='bbox 1368 3763 1500 3825; x_wconf 82' lang='lat' dir='ltr'>Astraba</span> <span class='ocrx_word' id='word_1_341' title='bbox 1526 3764 1599 3846; x_wconf 80' lang='lat' dir='ltr'>pias</span> <span class='ocrx_word' id='word_1_342' title='bbox 1620 3764 1716 3828; x_wconf 75' lang='lat' dir='ltr'>semel</span> <span class='ocrx_word' id='word_1_343' title='bbox 1736 3771 1934 3840; x_wconf 85' lang='lat' dir='ltr'>memoratur,</span> 
     </span>
     <span class='ocr_line' id='line_1_30' title="bbox 263 3863 1933 3961; baseline 0.008 -27"><span class='ocrx_word' id='word_1_344' title='bbox 263 3891 354 3954; x_wconf 86' lang='lat' dir='ltr'>qoam</span> <span class='ocrx_word' id='word_1_345' title='bbox 376 3874 515 3936; x_wconf 90' lang='lat' dir='ltr'>eiusdem</span> <span class='ocrx_word' id='word_1_346' title='bbox 536 3875 855 3940; x_wconf 83' lang='lat' dir='ltr'>Clitellariam&#39;luisse</span> <span class='ocrx_word' id='word_1_347' title='bbox 875 3879 965 3942; x_wconf 77' lang='lat' dir='ltr'>docile</span> <span class='ocrx_word' id='word_1_348' title='bbox 986 3883 1044 3942; x_wconf 91' lang='lat' dir='ltr'>tihi</span> <span class='ocrx_word' id='word_1_349' title='bbox 1067 3883 1269 3961; x_wconf 67' lang='lat' dir='ltr'>persuadessa</span> <span class='ocrx_word' id='word_1_350' title='bbox 1312 3883 1345 3944; x_wconf 81' lang='lat' dir='ltr'>ei</span> <span class='ocrx_word' id='word_1_351' title='bbox 1365 3882 1585 3944; x_wconf 85' lang='lat' dir='ltr'>Mostellariam</span> <span class='ocrx_word' id='word_1_352' title='bbox 1607 3883 1706 3944; x_wconf 85' lang='lat' dir='ltr'>Plauti</span> <span class='ocrx_word' id='word_1_353' title='bbox 1727 3883 1822 3946; x_wconf 82' lang='lat' dir='ltr'>luisse</span> <span class='ocrx_word' id='word_1_354' title='bbox 1835 3863 1933 3947; x_wconf 84' lang='lat' dir='ltr'>Phoa-</span> 
     </span>
     <span class='ocr_line' id='line_1_31' title="bbox 261 3994 1935 4090; baseline 0.009 -38"><span class='ocrx_word' id='word_1_355' title='bbox 261 4007 332 4068; x_wconf 87' lang='lat' dir='ltr'>ma,</span> <span class='ocrx_word' id='word_1_356' title='bbox 361 3994 478 4075; x_wconf 74' lang='lat' dir='ltr'>pluries</span> <span class='ocrx_word' id='word_1_357' title='bbox 508 3995 568 4056; x_wconf 87' lang='lat' dir='ltr'>iam</span> <span class='ocrx_word' id='word_1_358' title='bbox 596 3999 838 4061; x_wconf 84' lang='lat' dir='ltr'>memoravimus.</span> <span class='ocrx_word' id='word_1_359' title='bbox 880 3997 964 4061; x_wconf 81' lang='lat' dir='ltr'>Vera</span> <span class='ocrx_word' id='word_1_360' title='bbox 993 3999 1105 4062; x_wconf 88' lang='lat' dir='ltr'>deiude</span> <span class='ocrx_word' id='word_1_361' title='bbox 1125 4001 1287 4064; x_wconf 81' lang='lat' dir='ltr'>binominis</span> <span class='ocrx_word' id='word_1_362' title='bbox 1309 4001 1490 4064; x_wconf 76' lang='lat' dir='ltr'>loitd’lauti</span> <span class='ocrx_word' id='word_1_363' title='bbox 1511 4002 1630 4090; x_wconf 73' lang='lat' dir='ltr'>labala,</span> <span class='ocrx_word' id='word_1_364' title='bbox 1663 4023 1742 4086; x_wconf 87' lang='lat' dir='ltr'>quae</span> <span class='ocrx_word' id='word_1_365' title='bbox 1761 4003 1935 4067; x_wconf 78' lang='lat' dir='ltr'>inscribitur</span> 
     </span>
     <span class='ocr_line' id='line_1_32' title="bbox 260 4106 1934 4205; baseline 0.01 -33"><span class='ocrx_word' id='word_1_366' title='bbox 260 4106 357 4174; x_wconf 81' lang='lat' dir='ltr'>Miles</span> <span class='ocrx_word' id='word_1_367' title='bbox 381 4113 561 4188; x_wconf 68' lang='lat' dir='ltr'>Gloriosusa</span> <span class='ocrx_word' id='word_1_368' title='bbox 605 4113 753 4179; x_wconf 84' lang='lat' dir='ltr'>aServio</span> <span class='ocrx_word' id='word_1_369' title='bbox 782 4118 862 4180; x_wconf 90' lang='lat' dir='ltr'>enim</span> <span class='ocrx_word' id='word_1_370' title='bbox 891 4118 1034 4180; x_wconf 85' lang='lat' dir='ltr'>laudatur</span> <span class='ocrx_word' id='word_1_371' title='bbox 1059 4120 1180 4189; x_wconf 81' lang='lat' dir='ltr'>aomina</span> <span class='ocrx_word' id='word_1_372' title='bbox 1202 4121 1458 4204; x_wconf 75' lang='lat' dir='ltr'>Pyrgopolinicis.</span> <span class='ocrx_word' id='word_1_373' title='bbox 1500 4121 1621 4185; x_wconf 87' lang='lat' dir='ltr'>Deinde</span> <span class='ocrx_word' id='word_1_374' title='bbox 1643 4142 1661 4184; x_wconf 90' lang='lat' dir='ltr'>o</span> <span class='ocrx_word' id='word_1_375' title='bbox 1683 4123 1851 4205; x_wconf 85' lang='lat' dir='ltr'>deperditis</span> <span class='ocrx_word' id='word_1_376' title='bbox 1873 4144 1934 4188; x_wconf 90' lang='grc' dir='ltr'><strong>ιιιιι</strong></span> 
     </span>
     <span class='ocr_line' id='line_1_33' title="bbox 259 4228 1933 4324; baseline 0.008 -32"><span class='ocrx_word' id='word_1_377' title='bbox 259 4228 406 4312; x_wconf 85' lang='lat' dir='ltr'>iuscripta</span> <span class='ocrx_word' id='word_1_378' title='bbox 428 4231 489 4294; x_wconf 81' lang='lat' dir='ltr'>luit</span> <span class='ocrx_word' id='word_1_379' title='bbox 514 4230 654 4306; x_wconf 65' lang='lat' dir='ltr'>Caecum</span> <span class='ocrx_word' id='word_1_380' title='bbox 696 4235 775 4298; x_wconf 91' lang='lat' dir='ltr'>hauc</span> <span class='ocrx_word' id='word_1_381' title='bbox 796 4239 888 4300; x_wconf 87' lang='lat' dir='ltr'>etiam</span> <span class='ocrx_word' id='word_1_382' title='bbox 909 4237 1091 4302; x_wconf 83' lang='lat' dir='ltr'>Praedones</span> <span class='ocrx_word' id='word_1_383' title='bbox 1112 4242 1212 4302; x_wconf 80' lang='lat' dir='ltr'>luisse</span> <span class='ocrx_word' id='word_1_384' title='bbox 1232 4242 1362 4317; x_wconf 88' lang='lat' dir='ltr'>dictam,</span> <span class='ocrx_word' id='word_1_385' title='bbox 1391 4247 1478 4322; x_wconf 86' lang='lat' dir='ltr'>potat</span> <span class='ocrx_word' id='word_1_386' title='bbox 1504 4260 1544 4303; x_wconf 81' lang='lat' dir='ltr'>ex</span> <span class='ocrx_word' id='word_1_387' title='bbox 1564 4245 1759 4324; x_wconf 68' lang='lat' dir='ltr'>&#39;grammatico</span> <span class='ocrx_word' id='word_1_388' title='bbox 1782 4244 1933 4321; x_wconf 82' lang='lat' dir='ltr'>charisio,</span> 
     </span>
    </p>
   </div>
   <div class='ocr_carea' id='block_1_9' title="bbox 118 4348 1930 4444">
    <p class='ocr_par' dir='ltr' id='par_1_11' title="bbox 118 4348 1930 4444">
     <span class='ocr_line' id='line_1_34' title="bbox 118 4348 1930 4444; baseline 0.01 -36"><span class='ocrx_word' id='word_1_389' title='bbox 118 4395 126 4420; x_wconf 78' lang='grc'><strong><em>,</em></strong></span> <span class='ocrx_word' id='word_1_390' title='bbox 260 4348 326 4428; x_wconf 89' lang='lat' dir='ltr'>qui,</span> <span class='ocrx_word' id='word_1_391' title='bbox 348 4348 431 4429; x_wconf 93' lang='lat' dir='ltr'>quod</span> <span class='ocrx_word' id='word_1_392' title='bbox 451 4350 584 4428; x_wconf 79' lang='lat' dir='ltr'>mireris,</span> <span class='ocrx_word' id='word_1_393' title='bbox 606 4371 685 4414; x_wconf 88' lang='lat' dir='ltr'>anus</span> <span class='ocrx_word' id='word_1_394' title='bbox 708 4354 786 4417; x_wconf 87' lang='lat' dir='ltr'>hauc</span> <span class='ocrx_word' id='word_1_395' title='bbox 807 4356 940 4420; x_wconf 79' lang='lat' dir='ltr'>fabulam</span> <span class='ocrx_word' id='word_1_396' title='bbox 961 4361 1114 4436; x_wconf 63' lang='lat' dir='ltr'>nominat,</span> <span class='ocrx_word' id='word_1_397' title='bbox 1130 4362 1172 4422; x_wconf 90' lang='lat' dir='ltr'>ita</span> <span class='ocrx_word' id='word_1_398' title='bbox 1193 4361 1326 4440; x_wconf 92' lang='lat' dir='ltr'>quidem,</span> <span class='ocrx_word' id='word_1_399' title='bbox 1348 4366 1384 4424; x_wconf 89' lang='lat' dir='ltr'>nt</span> <span class='ocrx_word' id='word_1_400' title='bbox 1404 4379 1529 4444; x_wconf 80' lang='lat' dir='ltr'>semper</span> <span class='ocrx_word' id='word_1_401' title='bbox 1549 4359 1617 4424; x_wconf 86' lang='lat' dir='ltr'>iero</span> <span class='ocrx_word' id='word_1_402' title='bbox 1638 4363 1767 4426; x_wconf 85' lang='lat' dir='ltr'>dixerit:</span> <span class='ocrx_word' id='word_1_403' title='bbox 1800 4365 1833 4424; x_wconf 85' lang='lat' dir='ltr'>in</span> <span class='ocrx_word' id='word_1_404' title='bbox 1852 4361 1930 4426; x_wconf 81' lang='lat' dir='ltr'>Coe-</span> 
     </span>
    </p>
   </div>
   <div class='ocr_carea' id='block_1_10' title="bbox 257 4457 1931 4820">
    <p class='ocr_par' dir='ltr' id='par_1_12' title="bbox 257 4457 1931 4820">
     <span class='ocr_line' id='line_1_35' title="bbox 260 4457 1931 4564; baseline 0.012 -36"><span class='ocrx_word' id='word_1_405' title='bbox 260 4483 296 4529; x_wconf 86' lang='lat' dir='ltr'>oo</span> <span class='ocrx_word' id='word_1_406' title='bbox 327 4469 379 4530; x_wconf 86' lang='lat' dir='ltr'>oet</span> <span class='ocrx_word' id='word_1_407' title='bbox 400 4469 433 4530; x_wconf 87' lang='lat' dir='ltr'>in</span> <span class='ocrx_word' id='word_1_408' title='bbox 453 4467 681 4534; x_wconf 82' lang='lat' dir='ltr'>Praedoniduo.</span> <span class='ocrx_word' id='word_1_409' title='bbox 725 4473 896 4538; x_wconf 82' lang='lat' dir='ltr'>Bacchides</span> <span class='ocrx_word' id='word_1_410' title='bbox 916 4479 1008 4541; x_wconf 88' lang='lat' dir='ltr'>etiam</span> <span class='ocrx_word' id='word_1_411' title='bbox 1031 4479 1174 4560; x_wconf 77' lang='lat' dir='ltr'>Chrysali</span> <span class='ocrx_word' id='word_1_412' title='bbox 1195 4481 1318 4544; x_wconf 90' lang='lat' dir='ltr'>nomine</span> <span class='ocrx_word' id='word_1_413' title='bbox 1338 4484 1477 4558; x_wconf 77' lang='lat' dir='ltr'>senisse,</span> <span class='ocrx_word' id='word_1_414' title='bbox 1506 4483 1600 4544; x_wconf 84' lang='lat' dir='ltr'>slatul</span> <span class='ocrx_word' id='word_1_415' title='bbox 1621 4501 1717 4564; x_wconf 85' lang='lat' dir='ltr'>posse</span> <span class='ocrx_word' id='word_1_416' title='bbox 1736 4457 1859 4546; x_wconf 77' lang='lat' dir='ltr'>ridetur</span> <span class='ocrx_word' id='word_1_417' title='bbox 1878 4501 1931 4548; x_wconf 85' lang='lat' dir='ltr'>ae-</span> 
     </span>
     <span class='ocr_line' id='line_1_36' title="bbox 259 4585 1931 4694; baseline 0.011 -46"><span class='ocrx_word' id='word_1_418' title='bbox 259 4585 390 4651; x_wconf 83' lang='lat' dir='ltr'>coudom</span> <span class='ocrx_word' id='word_1_419' title='bbox 411 4588 608 4694; x_wconf 63' lang='lat' dir='ltr'>Fulgeritiom</span> <span class='ocrx_word' id='word_1_420' title='bbox 637 4590 690 4652; x_wconf 89' lang='lat' dir='ltr'>lih.</span> <span class='ocrx_word' id='word_1_421' title='bbox 711 4591 754 4655; x_wconf 84' lang='lat' dir='ltr'>de</span> <span class='ocrx_word' id='word_1_422' title='bbox 769 4597 875 4675; x_wconf 83' lang='lat' dir='ltr'>prisco</span> <span class='ocrx_word' id='word_1_423' title='bbox 895 4617 1037 4674; x_wconf 78' lang='lat' dir='ltr'>sermono</span> <span class='ocrx_word' id='word_1_424' title='bbox 1058 4599 1114 4659; x_wconf 88' lang='lat' dir='ltr'>sub</span> <span class='ocrx_word' id='word_1_425' title='bbox 1136 4617 1203 4662; x_wconf 86' lang='lat' dir='ltr'>voc.</span> <span class='ocrx_word' id='word_1_426' title='bbox 1224 4607 1327 4683; x_wconf 83' lang='lat' dir='ltr'>stega.</span> <span class='ocrx_word' id='word_1_427' title='bbox 1370 4601 1437 4664; x_wconf 90' lang='lat' dir='ltr'>illic</span> <span class='ocrx_word' id='word_1_428' title='bbox 1458 4603 1644 4684; x_wconf 76' lang='lat' dir='ltr'>Chrysalum</span> <span class='ocrx_word' id='word_1_429' title='bbox 1665 4607 1701 4664; x_wconf 91' lang='lat' dir='ltr'>ot</span> <span class='ocrx_word' id='word_1_430' title='bbox 1720 4601 1822 4668; x_wconf 86' lang='lat' dir='ltr'>Plauti</span> <span class='ocrx_word' id='word_1_431' title='bbox 1842 4603 1931 4667; x_wconf 80' lang='lat' dir='ltr'>laho-</span> 
     </span>
     <span class='ocr_line' id='line_1_37' title="bbox 257 4699 1931 4820; baseline 0.014 -54"><span class='ocrx_word' id='word_1_432' title='bbox 257 4699 465 4784; x_wconf 69' lang='lat' dir='ltr'>inlaudata</span> <span class='ocrx_word' id='word_1_433' title='bbox 507 4727 616 4773; x_wconf 78' lang='lat' dir='ltr'>remur</span> <span class='ocrx_word' id='word_1_434' title='bbox 643 4711 733 4792; x_wconf 82' lang='lat' dir='ltr'>ipse:</span> <span class='ocrx_word' id='word_1_435' title='bbox 776 4711 877 4777; x_wconf 79' lang='lat' dir='ltr'>Foris</span> <span class='ocrx_word' id='word_1_436' title='bbox 903 4723 943 4777; x_wconf 84' lang='lat' dir='ltr'>ut</span> <span class='ocrx_word' id='word_1_437' title='bbox 970 4717 1078 4782; x_wconf 82' lang='lat' dir='ltr'>osredi</span> <span class='ocrx_word' id='word_1_438' title='bbox 1103 4719 1137 4781; x_wconf 85' lang='lat' dir='ltr'>in</span> <span class='ocrx_word' id='word_1_439' title='bbox 1164 4726 1259 4802; x_wconf 81' lang='lat' dir='ltr'>stega</span> <span class='ocrx_word' id='word_1_440' title='bbox 1285 4719 1400 4819; x_wconf 75' lang='lat' dir='ltr'>legitur</span> <span class='ocrx_word' id='word_1_441' title='bbox 1426 4719 1538 4785; x_wconf 82' lang='lat' dir='ltr'>Bacch.</span> <span class='ocrx_word' id='word_1_442' title='bbox 1565 4721 1598 4802; x_wconf 82' lang='lat'>2,</span> <span class='ocrx_word' id='word_1_443' title='bbox 1625 4719 1660 4800; x_wconf 77' lang='lat'>8,</span> <span class='ocrx_word' id='word_1_444' title='bbox 1680 4721 1734 4788; x_wconf 74' lang='lat'>44.</span> <span class='ocrx_word' id='word_1_445' title='bbox 1777 4722 1931 4820; x_wconf 72' lang='lat' dir='ltr'>Sericum</span> 
     </span>
    </p>
   </div>
   <div class='ocr_carea' id='block_1_11' title="bbox 258 4869 499 4890">
    <p class='ocr_par' dir='ltr' id='par_1_13' title="bbox 258 4869 499 4890">
     <span class='ocr_line' id='line_1_38' title="bbox 258 4869 499 4890; baseline -0.004 -4"><span class='ocrx_word' id='word_1_446' title='bbox 258 4869 499 4890; x_wconf 46' lang='lat' dir='ltr'><em>m</em></span> 
     </span>
    </p>
   </div>
   <div class='ocr_carea' id='block_1_12' title="bbox 291 4949 821 5033">
    <p class='ocr_par' dir='ltr' id='par_1_14' title="bbox 291 4949 821 5033">
     <span class='ocr_line' id='line_1_39' title="bbox 291 4949 821 5033; baseline 0.019 -23"><span class='ocrx_word' id='word_1_447' title='bbox 291 4949 322 5022; x_wconf 74' lang='lat'>·)</span> <span class='ocrx_word' id='word_1_448' title='bbox 339 4951 381 5011; x_wconf 69' lang='grc' dir='ltr'>Οἱ</span> <span class='ocrx_word' id='word_1_449' title='bbox 398 4951 497 5011; x_wconf 86' lang='grc' dir='ltr'><strong>Οιιιιιι.</strong></span> <span class='ocrx_word' id='word_1_450' title='bbox 515 4959 584 5024; x_wconf 85' lang='lat' dir='ltr'>aral.</span> <span class='ocrx_word' id='word_1_451' title='bbox 602 4961 658 5017; x_wconf 78' lang='lat' dir='ltr'>crit.</span> <span class='ocrx_word' id='word_1_452' title='bbox 675 4977 736 5033; x_wconf 74' lang='lat' dir='ltr'>pag.</span> <span class='ocrx_word' id='word_1_453' title='bbox 761 4967 821 5020; x_wconf 70' lang='lat'>1⁶1.</span> 
     </span>
    </p>
   </div>
   <div class='ocr_carea' id='block_1_13' title="bbox 0 0 2368 5705">
    <p class='ocr_par' dir='ltr' id='par_1_15' title="bbox 0 0 2368 5705">
     <span class='ocr_line' id='line_1_40' title="bbox 0 0 2368 5705; baseline 0 0"><span class='ocrx_word' id='word_1_454' title='bbox 0 0 2368 5705; x_wconf 95' lang='lat' dir='ltr'> </span> 
     </span>
    </p>
   </div>
  </div>
 </body>
</html>
