4728 5710
1177 373 1304 399 w·

405 505 556 576 riumodi
576 517 686 570 ιιιιιιι
707 503 740 568 in
759 501 816 566 illo
837 499 944 565 codice
957 473 1161 582 l’nlirusposto
1180 499 1386 564 inueniretur.
1427 497 1594 566 Eiusmodi·
1610 515 1729 599 reseasx
1742 505 1804 570 orll
1816 497 2081 580 srmt'ax'dircfrdd

403 635 507 694 terim
528 627 664 690 Plautini
685 623 873 698 conditione,
896 641 984 701 quom
1007 620 1086 684 nlius
1107 621 1197 682 aliter
1217 622 1378 684 constituit
1398 625 1471 703 port
1491 623 1634 686 Ploutoru
1657 625 1808 706 fidendo,
1829 632 1986 709 mutando,
2007 643 2079 696 mus-¹

402 749 529 824 tiloudo,
550 743 730 818 obiiciendo,
751 747 787 804 ut
806 745 866 806 iem
887 747 1001 823 petent,
1031 741 1261 823 pnlimspestum
1283 740 1380 817 illum,
1416 759 1507 822 quem
1528 744 1561 804 iu
1582 745 1766 809 bibliotheca
1787 749 1988 813 Amemus·
2008 751 2078 817 Aul

402 867 493 952 gelus
514 865 589 930 luri.
610 865 740 938 invenit,
769 861 906 926 codicem
929 862 1087 938 dirersce,
1109 861 1193 942 qood
1215 859 1337 936 dicunt,
1366 859 1464 924 luisse
1484 860 1626 926 lumilioe.
1672 864 1780 946 ltoque
1801 868 1828 928 si
1849 887 1918 931 cum
1939 871 2077 934 homini-²

401 985 471 1065 bus,
500 985 554 1070 qul
573 983 789 1061 retentiones
811 981 946 1044 cusillcri
966 983 1076 1057 solent,
1104 980 1254 1061 ito·loqui
1275 964 1380 1056 licent,
1401 982 1491 1044 uobis
1515 984 1602 1062 quasi
1624 982 1771 1066 &moleri
1793 981 1950 1063 debemus,
1970 989 1998 1052 sl
2020 1003 2079 1055 w
2123 1051 2126 1059 ,

364 1153 365 1161 ,
403 1123 471 1172 rom
493 1109 552 1182 est,
574 1103 670 1184 quod,
693 1102 746 1181 qni
768 1102 808 1164 de
821 1101 923 1164 Plauti
945 1103 1102 1164 codicibus
1121 1097 1214 1160 MSS.
1237 1119 1407 1180 eorumqae
1427 1101 1556 1164 historin
1577 1102 1718 1184 lotisque·
1732 1108 1905 1194 disserunt,
1921 1108 1960 1171 od
1981 1121 2077 1176 unu

404 1241 512 1290 omnes
541 1225 666 1298 dicunt,
695 1227 894 1303 quotcunque
914 1221 1017 1283 Plauti
1046 1203 1363 1283 introissemus
1391 1219 1479 1283 nolis
1506 1225 1691 1300 renovent,
1722 1243 1831 1288 omnes
1853 1247 1892 1290 ex
1912 1241 1974 1290 nno
1994 1227 2076 1292 lllrso

402 1343 471 1410 MS.
486 1349 635 1422 ιιιιιιιιιιιι
660 1361 695 1406 er
718 1341 887 1422 archetypo
909 1335 1105 1424 monossc*);
1145 1341 1173 1402 si
1194 1341 1276 1401 euim
1297 1357 1335 1401 ex
1356 1339 1495 1420 pluribus
1518 1341 1611 1402 libris'
1625 1343 1763 1408 diversae
1785 1348 1975 1411 recensionis
1995 1361 2076 1431 proi

401 1463 479 1530 lecti
507 1467 614 1526 essmt
640 1461 762 1527 codices
791 1467 825 1522 et
850 1460 924 1521 libri
952 1459 1062 1535 MSS„
1097 1477 1173 1538 quos
1195 1465 1280 1520 aetas
1302 1457 1405 1535 tulit,
1419 1461 1530 1524 mirum
1552 1467 1699 1541 qomtun
1720 1471 1883 1546 surgeretur
1906 1467 2072 1531 dilllcultu

402 1583 524 1648 doctius
545 1581 696 1646 emundi
713 1579 899 1664 legendique
913 1578 1065 1654 l'loutom,
1086 1597 1104 1640 a
1125 1583 1174 1642 tot
1194 1577 1367 1643 homiuibus
1388 1579 1449 1644 iam
1470 1580 1639 1662 antiquitus
1660 1582 1773 1649 misere
1793 1585 1949 1668 perditum
1973 1592 2006 1650 et
2025 1587 2074 1652 dl·

401 1702 578 1768 murum.

489 1855 698 1935 Quemquam,
727 1852 811 1934 quod
832 1852 943 1915 mirum
965 1857 1031 1929 est,
1060 1853 1087 1914 si
1109 1852 1246 1935 singulae
1267 1851 1368 1915 l’louti
1388 1851 1511 1915 inbulae
1532 1854 1759 1936 respiciuntur,
1788 1825 1878 1919 alium
1900 1856 1957 1920 alie
1979 1859 2076 1942 mogh

401 1975 456 2038 loti
486 1971 717 2056 interpolationi
744 1971 913 2054 expositum
935 1972 1032 2033 luisse
1053 1973 1202 2054 suspicari
1224 1973 1380 2035 debemus.
1424 1971 1458 2034 Si
1481 1973 1561 2034 euim
1584 1961 1752 2054 inspexeris
1774 1976 1906 2038 iudicem
1927 1978 2077 2055 locorum,

405 2096 459 2176 qui
482 2113 521 2158 en
542 2093 710 2157 comoediis
731 2091 845 2168 Plauti,
869 2109 947 2172 quse
970 2091 1070 2152 cdhuc
1092 2097 1223 2168 motem,
1245 2113 1263 2154 n
1286 2091 1497 2155 Grammaticis
1519 2097 1803 2170 commemorantur,
1830 2095 1884 2156 sed
1908 2097 1960 2175 qui
1982 2099 2015 2161 iu
2035 2097 2076 2158 li·

405 2215 471 2278 brio
493 2213 603 2290 MSS„
626 2231 704 2293 quos
726 2210 821 2275 hodie
842 2211 1008 2287 habemus,
1030 2229 1179 2290 nusquam
1200 2215 1395 2292 comparent,
1417 2210 1594 2298 miraberis,
1623 2211 1747 2273 illorum
1767 2211 1906 2274 locorum
1927 2215 2077 2296 plurimos
2140 2233 2143 2241 ’

405 2351 476 2397 esse
497 2351 536 2396 ex
557 2331 779 2408 Bacchidibus,
795 2349 833 2393 ex
854 2329 1088 2412 Amphitruone,
1112 2348 1150 2418 ex
1170 2329 1347 2424 Aulularic3
1386 2347 1481 2390 unum
1502 2329 1617 2392 duosve
1638 2335 1754 2392 tontum
1776 2349 1846 2393 esse
1865 2310 1906 2394 ex
1926 2333 2077 2411 Poenulo,

396 2451 572 2527 Pseudolo,
594 2449 757 2525 Rudente3
799 2449 917 2511 nullum
938 2449 1006 2511 iere
1028 2469 1066 2511 en
1088 2450 1272 2525 Cistellaria,
1295 2467 1333 2512 ex
1356 2447 1546 2522 Trinummo,
1568 2466 1607 2509 ex
1630 2444 1818 2524 Mercatore,
1850 2466 1887 2511 en
1908 2449 2076 2515 Menoeclr·

357 2651 362 2664 ⁸
405 2573 476 2634 mio.
520 2569 602 2650 Quid
624 2569 697 2630 inde
718 2573 878 2649 sequetur,
906 2569 1048 2650 opp'oretc
1093 2588 1131 2631 ex
1151 2569 1262 2631 tabulis
1283 2567 1385 2629 Plnuti
1406 2566 1496 2627 ollam
1517 2565 1575 2628 olio
1595 2567 1691 2648 mugio
1712 2587 1731 2628 ι
1750 2566 1867 2649 populo
1887 2567 1984 2632 luisse
2004 2559 2096 2633 odos

369 2717 374 2723 ¹
402 2695 515 2763 ιιιιιιιιι
535 2695 628 2770 acque
647 2689 691 2751 in
703 2688 822 2751 deliciis
843 2688 992 2768 habitam,
1009 2687 1266 2777 lnequeuliusque
1287 2687 1320 2750 iu
1341 2702 1433 2751 scens
1453 2689 1553 2749 cotom
1574 2689 1608 2748 et
1630 2705 1667 2749 eo
1689 2683 1729 2750 de
1750 2687 2076 2771 consurgentem

287 2825 295 2863 ’-
403 2809 504 2895 potori
525 2809 678 2892 potuisse.

421 2963 427 2996 r
490 2961 555 3028 seo
574 2963 653 3028 lroec
674 2962 775 3026 omnia
798 2981 946 3056 quorsum
967 2961 1000 3029 in
1021 2961 1157 3029 medium
1177 2961 1302 3028 undem
1322 2963 1465 3047 proludii
1506 2961 1552 3026 Ut
1572 2965 1693 3044 potent,
1726 2980 1784 3044 per
1804 2980 1840 3026 se
1860 2962 1943 3027 lroud
1963 2925 2080 3055 immo-⁸,
2111 2965 2120 2986 ¹

405 3083 539 3149 mollem
569 3102 641 3148 esse
669 3084 853 3148 sententium
874 3081 977 3146 llostii
998 3085 1169 3168 opinantis,
1197 3104 1238 3148 ue
1259 3106 1278 3148 a
1298 3081 1471 3148 nominibus
1495 3080 1618 3164 quidem
1639 3079 1808 3176 titulisque0
1820 3081 1989 3147 fabulanrm
2010 3085 2079 3150 lou·

403 3205 473 3289 glus
500 3189 638 3267 obfuisse
665 3204 759 3266 istum
785 3203 1072 3286 interpolationem,
1103 3202 1153 3268 cui
1179 3205 1241 3267 iaur
1263 3193 1477 3286 antiquissimo
1499 3206 1641 3284 tempore
1663 3201 1811 3265 obnoxiae
1831 3199 1956 3266 luerunt
1978 3201 2082 3292 l’louti

401 3321 532 3388 hiulce.
575 3321 681 3383 Etiom
709 3323 830 3385 nomino
858 3298 1088 3387 comoediarum
1115 3324 1257 3406 potuisse
1283 3326 1396 3387 mutari
1424 3325 1486 3385 inm
1515 3341 1553 3384 er
1574 3339 1613 3383 eo
1636 3326 1782 3404 opponet,
1814 3321 1897 3402 quod
1917 3322 1999 3386 lirud
2020 3341 2081 3388 uuo

401 3441 505 3506 lohule
526 3441 620 3504 etiem
640 3438 753 3538 l'louti,
785 3446 822 3504 ut
842 3447 952 3523 posteo
973 3444 1155 3520 ridebimus,
1183 3443 1301 3526 duplici
1322 3443 1446 3506 nomine
1467 3441 1609 3502 leudotnr
1630 3460 1647 3502 ιι
1670 3441 1893 3503 Grammaticis.
1936 3429 2080 3506 Plautum
2120 3489 2125 3496 -

402 3581 477 3646 prce
505 3560 620 3625 ceteris
648 3560 775 3623 comicis
804 3561 838 3623 iu
866 3563 1006 3624 manibus
1026 3562 1098 3624 iere
1117 3547 1241 3642 semper
1260 3561 1412 3624 hebebant
1431 3559 1617 3637 histriones,
1651 3559 1724 3640 quin
1746 3534 1933 3641 grammatici
1955 3576 2082 3647 quoque¹

405 3687 439 3745 et
466 3681 642 3762 quicunque
669 3697 737 3742 rem
765 3679 918 3742 scenicum
939 3669 1148 3744 Romanorum
1167 3681 1355 3756 troctnbcnt3
1398 3668 1623 3764 quidniig'itur
1643 3677 1713 3740 tieri
1734 3679 1852 3760 potuit,
1881 3684 1917 3740 ut
1937 3665 2081 3773 lobulom,

402 3801 435 3864 ln
458 3818 518 3882 que
539 3817 656 3862 summa
676 3799 724 3894 rel
745 3799 785 3862 acl
806 3797 905 3862 eulem
926 3799 992 3862 ouri
1015 3807 1155 3863 onustum
1176 3801 1268 3878 redit,
1296 3799 1348 3864 vel
1368 3801 1400 3862 iu
1424 3818 1483 3880 quo
1504 3798 1637 3861 ridicule
1659 3795 1813 3861 asinorum
1833 3797 1969 3861 venditio
1990 3777 2082 3892 com-

405 3924 604 3996 memoretur,
625 3915 731 3992 sellu
753 3936 813 3998 quo
834 3937 929 3981 senex
949 3918 1046 3982 redux
1066 3938 1085 3982 ι
1106 3938 1208 3996 servo,
1239 3919 1292 4000 qui
1313 3920 1440 4001 phosme
1460 3918 1492 3980 in
1514 3916 1638 3980 oedibus
1660 3919 1797 4000 conspici
1820 3924 1923 3981 norrot
1943 3917 2081 3982 simulet·

405 4059 478 4121 quc,
511 4039 643 4104 edomo
665 4055 722 4099 suo
744 4037 884 4125 iutroudu
904 4039 1098 4120 prohibetur,
1126 4040 1367 4120 nuncupauerint
1386 4038 1440 4099 isti
1459 4036 1693 4114 Mostellariam,
1720 4037 1901 4114 Asinariam,
1928 4037 2081 4100 Aululari-

405 4159 477 4224 omi
518 4155 676 4222 Familinri
705 4157 904 4237 quodmodo
927 4176 985 4220 suo
1006 4159 1050 4220 itu
1070 4157 1174 4222 locere
1195 4134 1336 4220 solebant
1355 4156 1564 4239 negligentius
1587 4161 1681 4236 etque
1701 4155 1904 4235 incuriosius,
1938 4149 2083 4244 neglecto

406 4281 498 4344 etium
526 4275 635 4353 titulo,
664 4293 756 4356 quem
776 4273 905 4339 Plautus
935 4277 1003 4358 ipse
1031 4277 1163 4340 inditum
1189 4276 1340 4339 voluerut.
1382 4275 1454 4339 lloe
1483 4275 1579 4358 igitur
1601 4279 1720 4337 certum
1741 4295 1810 4338 esse
1830 4276 1968 4341 uidemus
1990 4279 2082 4340 etiem

405 4397 528 4464 nomino
557 4393 784 4459 comoedirrum
812 4392 914 4457 Plauti
943 4395 1176 4476 interpolutioni
1203 4397 1274 4474 isti,
1306 4415 1385 4477 quoe
1402 4395 1473 4458 'inm
1501 4395 1713 4476 antiquissimo
1742 4400 1884 4476 temqore
1912 4395 2024 4470 cecidit
2049 4395 2081 4460 iu

406 4515 563 4593 Plautum,
585 4514 727 4597 exposite
747 4511 855 4584 luisse.
899 4511 963 4576 Sed
985 4534 1146 4596 quousque
1167 4517 1228 4578 isto
1250 4516 1419 4580 titulorum
1441 4515 1638 4596 interpolatio
1660 4515 1852 4596 pertinuerit,
1881 4515 1913 4579 ld
1935 4515 2081 4580 diiudice-

408 4656 445 4700 re
467 4633 625 4699 difficilius
646 4651 719 4698 erse
737 4632 871 4711 odem,
894 4651 986 4713 quom
1006 4639 1043 4697 ut
1062 4635 1102 4699 nd
1124 4634 1276 4716 liquidum
1296 4653 1348 4699 res
1370 4653 1502 4716 uuqunm
1522 4633 1651 4716 perduci
1671 4633 1779 4715 possit.

409 4815 649 4836 annu-t·-

443 4931 1144 5008 omwmouremrnuumuo
1178 4913 1990 5006 nun.uurrunrrm.r.rurr.oneom.ro
