4728 5710
1180 308 1302 406 „¹2-

305 573 311 578 .
334 567 339 577 ,
406 513 582 580 Aululariae
591 518 692 577 ortum
702 531 781 589 ese,
798 515 889 594 paulo
897 515 1093 590 incuriosius,
1104 514 1255 596 silogices
1265 516 1495 600 quidemlegem
1504 525 1692 599 spectemus,
1702 521 1897 606 mseribente.
1917 515 2077 592 suitam

406 641 455 700 ast
464 635 575 711 fabula,
590 638 676 698 cuius
688 653 802 696 summa
817 636 947 697 vertitur
959 637 1038 698 circa
1049 635 1147 698 abiam
1160 637 1223 698 auri
1237 638 1367 717 plenam,
1382 640 1446 701 sice
1456 641 1670 702 thesaurumin
1680 647 1763 705 terrs
1769 644 1913 706 abditum.
1927 646 2075 726 'Accedit

405 755 488 838 quod
500 757 582 816 idem
596 755 702 818 titulus
717 755 901 830 Aululariae,
924 761 958 816 ut
972 774 991 817 e
1006 755 1185 837 fragmentis
1200 757 1345 819 discimus
1360 761 1434 840 (rid.
1451 755 1540 822 Bntb.
1556 780 1625 842 pag.
1637 761 1711 823 2⁰8.
1725 769 1759 824 et
1774 761 1876 847 m),
1898 764 1968 826 lisit-
1980 767 2075 830 ellan

404 877 581 939 comoediae
602 875 717 937 cuidam
733 875 867 950 Laberii,
890 877 972 938 unde
994 895 1103 938 nomen
1126 878 1267 938 usitatius
1290 879 1369 958 apud
1387 879 1540 941 Romanos
1561 881 1659 944 fuisse
1680 883 1808 946 credere
1829 885 1931 958 liceat
1948 885 2074 964 *Quam-

269 1019 272 1026 ’
351 973 352 986 ¹
403 993 509 1058 obrem
538 997 672 1058 fortasse
702 1015 762 1057 non
792 1015 910 1058 acero
935 997 1057 1058 aberret
1085 985 1252 1078 Stephon,
1288 999 1341 1079 qui
1362 999 1470 1063 Naevii
1489 1001 1662 1063 Erulariam
1682 1002 1748 1066 volt
1768 1003 1867 1066 Μαι
1885 1003 2074 1068 suumn

403 1107 482 1199 (vid.
503 1117 594 1178 Both.
616 1135 683 1198 pag.
708 1116 786 1208 15.)τ
1166 1116 1168 1124 '
1910 1131 1919 1140 '¹
2068 1129 2073 1140 “

487 1237 578 1316 Quod
600 1237 734 1316 denique
756 1235 882 1299 llostius
903 1257 972 1320 pag.
995 1239 1047 1301 ll.
1068 1237 1168 1314 addit,
1201 1285 1223 1315 „
1237 1258 1297 1301 non
1318 1243 1407 1321 prins
1427 1241 1466 1301 ad
1488 1243 1668 1303 sententiam
1690 1261 1815 1320 eornm,
1845 1245 1900 1324 qui
1920 1241 2074 1308 sumum

401 1355 539 1435 „titulos
562 1357 678 1418 adscito
700 1359 823 1418 nomine
835 1358 974 1438 subolae
995 1359 1043 1420 vel
1066 1359 1246 1422 comoedica
1267 1341 1514 1442 interpretandos
1537 1381 1608 1422 esse
1628 1365 1800 1439 statuerint,
1821 1380 2017 1426 occasurum
2038 1381 2074 1428 se

400 1495 523 1553 „esse,
556 1495 647 1557 quam
674 1477 756 1559 apud
778 1477 874 1538 ullum
892 1479 1056 1560 'probatum
1078 1487 1110 1540 et
1132 1483 1288 1560 antiquum
1310 1480 1690 1562 scriptormmvombrrlrrm
1702 1481 1821 1563 scdulo
1841 1483 1891 1545 ael
1913 1483 2073 1547 comoedia

401 1573 657 1673 „lllinsformaa
678 1599 852 1660 nominibus
871 1617 946 1662 rere
967 1599 1143 1660 adiunctum
1164 1603 1360 1676 invenerit,“
1380 1601 1411 1662 id
1433 1619 1540 1681 parum
1561 1601 1664 1662 valere
1685 1602 1815 1663 videtur.
1857 1601 1935 1664 Nam
1955 1621 1996 1666 ne
2013 1619 2072 1667 vo·

328 1795 330 1802 s
399 1715 543 1778 sabulum
560 1719 673 1799 puello
695 1720 818 1798 quidem
841 1737 968 1799 usquam
991 1721 1169 1801 adiungitur
1189 1719 1253 1780 illis
1275 1720 1445 1782 numinibus
1468 1725 1500 1781 et
1520 1721 1637 1796 titulis,
1665 1722 1775 1801 quibus
1798 1721 1924 1782 liostius
1951 1722 2071 1801 signill-

398 1837 463 1898 cari
481 1838 547 1900 vult
565 1839 720 1920 poellom,
745 1835 815 1902 noo'
828 1839 961 1902 fabulam
983 1840 1032 1902 vel
1054 1841 1252 1902 comoediam.
1296 1841 1549 1920 Quotiescunque
1570 1839 1731 1901 laudantur
1751 1841 1932 1916 corollaria,
1955 1839 2070 1902 Tabel-

396 1953 491 2033 luia,
512 1958 696 2034 Friuolaria,
718 1957 907 2035 clitellaria,
936 1961 1097 2035 Baccaria,
1125 1961 1237 2040 quibus
1258 1961 1356 2021 titulis
1374 1961 1516 2043 puellum
1537 1962 1638 2022 notari
1658 1967 1766 2022 censet
1785 1961 1913 2022 bestius
1934 1977 2005 2040 pag.
2025 1960 2070 2036 o,

397 2091 547 2157 nosquam
575 2079 691 2159 legitur
720 2079 891 2142 Corollaria
919 2081 1039 2161 puella,
1071 2079 1244 2143 Tabellaria
1271 2080 1400 2160 puella.⁴
1428 2079 1539 2159 Neque
1565 2080 1596 2140 id
1625 2081 1737 2140 mirum
1761 2085 1833 2154 est3
1876 2077 1957 2139 tltull
1986 2077 2070 2140 enlm

397 2200 491 2272 buot3
533 2205 569 2258 ut
590 2202 692 2260 antem
709 2201 785 2279 ipse
806 2199 934 2262 llostius
956 2220 1028 2282 pag.
1050 2197 1102 2262 ll.
1119 2200 1286 2262 admodum
1307 2200 1464 2261 subtiliter
1487 2200 1641 2278 docteque
1668 2183 1826 2278 exposuit,
1840 2185 1990 2258 ''Romtul
2007 2213 2070 2258 non

395 2317 497 2380 minim
518 2323 613 2398 atque
634 2321 758 2395 Gracci,
784 2322 866 2400 quod
887 2323 930 2382 its
950 2321 1054 2382 irrisae
1069 2321 1232 2381 admodum
1253 2321 1387 2394 mireris,
1408 2325 1603 2382 assueverant
1625 2319 1763 2379 carmina*
1776 2319 1948 2378 irrscribere
1968 2313 2070 2379 titulis

394 2435 554 2500 foeminini
578 2442 721 2518 generia;
764 2441 846 2502 unde
867 2439 1016 2502 babemus
1037 2439 1173 2514 lliadcm,
1201 2413 1395 2520 Odysseam,
1407 2437 1575 2508 Thebaida,
1604 2437 1791 2510 Aeneidem
1835 2437 1946 2515 quibus
1967 2437 2068 2500 nomi·

394 2555 483 2646 nibus
496 2559 654 2620 foeminini
670 2561 794 2640 generis
809 2580 959 2642 nosquam
974 2561 1070 2622 ullum
1083 2561 1228 2622 adiicitur
1241 2549 1483 2628 substantivum
1495 2577 1596 2638 neque
1610 2561 1707 2638 patet,
1730 2556 1882 2636 quodnam
1896 2563 1968 2638 apte
1978 2555 2068 2620 adiiol

394 2678 505 2759 possit.
548 2680 690 2741 Garrulus
720 2681 890 2743 foeminino
920 2681 1043 2744 nomine
1070 2681 1241 2742 inscribere
1267 2680 1421 2740 veteribus
1443 2677 1502 2740 fuit
1523 2679 1555 2738 in
1576 2694 1682 2751 more;
1725 2676 1894 2754 eademqne
1915 2675 1955 2737 de
1976 2686 2069 2739 mosa

395 2797 575 2860 octacilius
597 2801 688 2861 etiam
709 2803 833 2862 comicis
855 2803 1002 2864 Romanis
1024 2800 1144 2860 fabulas
1164 2799 1221 2860 illo
1241 2799 1334 2861 modo
1354 2798 1528 2877 formaque,
1549 2797 1589 2858 de
1611 2815 1670 2876 qiua
1690 2795 1742 2856 bic
1756 2811 1860 2856 sermo
1874 2800 1933 2869 cst,
1957 2795 2067 2856 iuscri-

393 2915 470 2980 berc
495 2917 617 2980 licebat.
660 2921 740 2981 Com
767 2923 827 2981 ista
854 2922 951 3002 igitur
983 2920 1207 2982 cousuetudine
1226 2921 1343 3001 optime
1363 2903 1525 2993 convenit,
1553 2916 1638 2997 quod
1658 2913 1761 2977 Vertit
1782 2914 1937 2975 ctriusdam
1959 2911 2068 2976 'rrum

393 3039 551 3108 comoedia
573 3040 653 3120 apud
675 3042 888 3120 grammaticos
908 3047 1039 3102 vocatur
1058 3045 1091 3104 et
1111 3039 1266 3102 Fullones
1285 3045 1318 3100 et
1338 3037 1491 3100 Bitllonio
1512 3037 1568 3113 (cf.
1589 3035 1682 3114 Botb.
1703 3051 1783 3094 conr.
1802 3051 1873 3114 pag.
1892 3029 1963 3112 co.)

477 3157 537 3220 liis
551 3161 702 3235 omnibus,
719 3180 796 3241 quae
808 3161 968 3242 bucusque
978 3161 1139 3241 proposui,
1156 3161 1256 3247 animo
1267 3159 1439 3241 perpensis,
1454 3175 1515 3218 non
1526 3173 1663 3237 possum,
1681 3153 1755 3244 quin
1766 3145 1840 3212 ussai
1853 3149 2065 3232 persuadeam,

391 3273 535 3340 Plantam
545 3281 647 3360 ipsum
658 3301 696 3340 ex
707 3287 845 3342 veterum
857 3283 1042 3342 comicorum
1055 3279 1278 3342 consuetudine
1292 3280 1408 3359 optimo
1424 3277 1492 3338 inre
1505 3275 1647 3356 potuisse
1659 3271 1778 3333 fabulas
1791 3257 1959 3333 inscribere
1973 3271 2066 3334 etiam

390 3397 504 3474 titulis,
525 3400 579 3479 qui
593 3399 965 3463 lluiuntorterminatione
980 3401 1063 3477 orio,
1084 3401 1145 3462 etsi
1158 3417 1218 3460 nou
1231 3397 1347 3479 puella,
1368 3397 1423 3458 aed
1438 3394 1540 3457 fabola
1560 3399 1593 3455 et
1615 3389 1774 3455 comoedia
1795 3389 1837 3450 alt
1858 3381 2068 3471 intelligenda.

329 3525 333 3538 '
392 3515 456 3580 acu
476 3519 672 3581 nibilominus
694 3539 734 3583 ne
753 3521 911 3596 reticeam,
932 3521 1015 3600 quod
1036 3519 1069 3581 in
1091 3520 1224 3580 animum
1242 3517 1344 3593 venit,
1374 3517 1408 3578 in
1428 3515 1479 3591 iis,
1503 3531 1583 3593 quae
1602 3529 1704 3592 nuper
1724 3509 1765 3571 de
1785 3509 1857 3570 crisi
1879 3507 1989 3570 Plauto
2010 3509 2065 3572 ad·

391 3635 524 3700 bibenda
545 3641 576 3700 in
599 3639 711 3702 Museo
734 3633 922 3716 ultenanot)
943 3637 1121 3702 doctissime
1141 3639 1266 3719 scripsit
1286 3609 1484 3709 llitscbclius,
1506 3629 1565 3694 Vir
1583 3630 1822 3703 celeberrimas,
1843 3645 1935 3707 quem
1958 3633 2061 3690 textos

391 3757 525 3821 Plautini
546 3759 758 3822 restitutorem
777 3760 847 3822 fore
868 3759 929 3821 iam
950 3777 1075 3834 munes,
1105 3761 1157 3839 qui
1172 3757 1314 3820 Plautum
1331 3757 1364 3818 in
1385 3755 1505 3816 deliciis
1526 3751 1659 3826 habent,
1685 3749 1760 3810 laeti
1781 3752 1926 3829 sperant,
1953 3746 2063 3828 legun-

286 3863 288 3875 *
391 3883 446 3942 tur
465 3883 557 3942 etlam
578 3881 680 3956 verba,
702 3900 781 3961 quae
803 3880 887 3962 (pag.
911 3874 998 3964 lbb.)
1021 3878 1158 3960 Poggius
1178 3879 1210 3939 in
1233 3876 1383 3958 epistola,
1414 3893 1505 3954 mam
1526 3871 1567 3934 de
1587 3873 1713 3934 inuento
1733 3865 1837 3930 Plauti
1858 3867 1966 3930 codice
1986 3868 2064 3930 sorl'·

392 3997 485 4061 bitad
499 4001 639 4075 amicam,
661 3999 781 4082 profert
794 4001 867 4061 satis
881 3999 1107 4063 memorabilia:
1132 3997 1292 4075 „Nomina
1307 3994 1560 4058 comoediarum“
1578 3985 1695 4074 (Plauti
1707 3990 1740 4050 in
1752 3986 1809 4050 illo
1823 3983 1947 4072 codice)
1967 3991 2068 4062 armni
2148 3979 2155 4000 ⁹

346 4099 353 4108 ¹
395 4117 501 4196 „baec
514 4139 585 4182 clun
599 4121 816 4201 principiis-
829 4139 891 4181 -r
912 4119 1016 4182 Plauti
1028 4118 1309 4200 indmpbitruone3
1330 4114 1402 4190 alia,
1414 4113 1465 4176 eui
1475 4114 1566 4196 deest
1576 4127 1705 4183 uomeu;
1727 4099 1938 4181 lnAnlnlarisr
1961 4105 2064 4174 inllu-

393 4237 541 4316 „clioner
584 4241 616 4303 in
640 4241 777 4323 Captivis
798 4273 844 4291 ·-
863 4241 946 4302 -.“
999 4236 1150 4302 Videmus
1177 4237 1231 4300 bic
1256 4235 1289 4298 ln
1310 4233 1417 4297 codice
1438 4231 1525 4305 MS.,
1556 4229 1610 4311 qui
1636 4228 1771 4290 fortasse
1798 4225 1831 4287 ln
1852 4223 1937 4286 ltalia
1957 4225 2067 4292 alloabl

392 4359 494 4424 'adbuc
515 4361 684 4438 delitescit,
706 4361 894 4422 Aululariam
915 4360 1099 4434 memorari3
1130 4357 1285 4421 adduntur
1303 4355 1396 4416 rerba
1417 4353 1451 4413 io
1471 4349 1644 4424 Euclione,
1659 4347 1734 4408 satis
1756 4344 1887 4407 obscure
1908 4351 1941 4409 et
1961 4347 2065 4429 accip
2201 4377 2204 4382 ι

393 4479 514 4544 matice.
557 4481 635 4546 Nam
656 4481 780 4544 nomina
800 4486 919 4544 tantum
940 4479 1006 4542 illic
1025 4481 1170 4540 comatur
1188 4475 1370 4550 tabularum,
1397 4489 1460 4534 non
1479 4485 1692 4552 personarum.
1733 4463 1828 4544 Quid,
1858 4464 1967 4528 alboc
1987 4464 2067 4530 alto·

270 4629 273 4634 ·
395 4617 465 4663 rum
483 4601 580 4664 inerit
601 4622 712 4665 nomen
735 4606 769 4663 ct
788 4600 897 4662 titulus
919 4601 1058 4662 eiusdem
1079 4597 1269 4674 comoediae,
1296 4593 1432 4657 fortasse
1453 4591 1490 4652 ab
1512 4589 1582 4671 ipso
1603 4574 1714 4649 Plauto
1735 4585 1929 4668 impositum,
1961 4590 1998 4648 ot
2019 4585 2068 4652 bl·

394 4721 547 4784 nomincm
568 4722 628 4784 iam
648 4723 814 4784 babeamus
836 4719 988 4794 fabulam,
1008 4717 1216 4782 Aululariam
1236 4713 1286 4778 rel
1307 4712 1518 4777 Eaccliooernf
1560 4709 1605 4771 lta
1628 4705 1753 4787 quidem
1774 4705 1865 4767 etiam
1886 4702 2067 4786 Amphitro-

396 4859 501 4917 anm,
530 4841 713 4921 Epidicum,
742 4839 929 4917 tlaccbiles,
955 4837 1195 4916 Menaechmos,
1223 4833 1363 4900 Stichum
1383 4830 1542 4914 inscripsit
1561 4827 1687 4890 l'lsutus
1709 4824 1834 4888 nominc
1852 4838 2065 4908 pessumum,

409 4973 456 5046 λ·)
472 4979 498 5031 a.
514 4975 604 5044 ratu..
621 4980 647 5029 a
665 4974 717 5028 unc
733 4975 759 5028 t.
776 4973 852 5029 nee
876 4963 881 4973 '
