4728 5710
1211 239 1356 382 Α.

271 481 274 490 “
346 489 350 499 “
436 459 622 573 Fulgentius
637 489 668 554 io
682 469 857 554 unirera'nm
872 487 1026 554 sublestae
1038 485 1114 552 ildei
1127 486 1167 550 sit
1182 503 1285 568 neqom
1297 491 1421 568 praeter
1433 486 1535 570 ipsum
1552 487 1714 570 quisquam
1733 488 1827 554 huius
1848 491 1978 558 mmiuir
1998 491 2110 560 trouu

343 611 347 624 '
437 612 640 686 mentionem,
665 609 861 672 dubitandum
883 609 1014 670 videtur.
1059 607 1172 670 Osann.
1194 606 1272 670 anal.
1293 627 1338 670 cr.
1359 628 1429 690 pag.
1453 607 1528 672 1⁶4.
1549 613 1638 690 putu
1658 630 1677 673 a
1698 609 1865 694 Fulgentius
1887 612 2021 678 domasse
2041 633 2114 680 esse

436 732 602 812 scriptume
647 729 816 792 Plautinus
847 715 1035 809 Chrysalus,
1064 731 1101 788 ut
1129 745 1290 808 personam
1312 727 1542 810 significaverit.
1585 729 1840 810 quodquidam,
1873 738 1909 795 ιιι
1928 733 2058 798 Dothius
2079 735 2113 800 ln

436 851 598 932 napaeas
621 855 653 911 et
674 849 776 912 Plauh‘
795 852 830 908 et
851 848 1037 908 comicorum
1060 845 1113 907 lat.
1135 866 1206 929 ρει.
1229 847 1291 924 12.,
1312 847 1482 924 Boeotiam,
1504 867 1584 928 quae
1604 848 1708 914 iahula
1719 849 1820 913 l’lauti
1841 853 1960 932 pariter
1979 855 2113 922 celetem

438 989 501 1034 aon
527 969 615 1044 tulit,
645 969 736 1032 etiam
757 967 810 1028 Bia
833 966 1048 1047 compressum
1070 965 1181 1028 dietam
1206 985 1276 1030 esse
1298 968 1478 1048 opinantur,
1505 967 1539 1030 id
1561 969 1643 1031 uode
1662 970 1841 1049 hauserint,
1869 975 1992 1050 nescim
2036 975 2113 1056 quin

439 1091 540 1154 chalet
560 1088 723 1152 auctorites
745 1085 841 1148 Gellii
861 1085 893 1161 ιι,
915 1085 955 1160 ll,
985 1085 1039 1164 qui
1060 1085 1101 1146 de
1121 1086 1251 1148 Boeotia
1273 1091 1306 1148 ct
1326 1087 1378 1148 Bis
1401 1088 1587 1168 compressa
1606 1089 1649 1152 ita
1669 1088 1820 1170 loquitur,
1840 1096 1877 1153 nt
1896 1111 1986 1156 nncm
2008 1094 2046 1156 ah
2066 1091 2113 1156 al·

439 1219 505 1274 tera
527 1213 635 1290 aperte
655 1207 830 1288 distinguat.
874 1204 1006 1285 Scripsit
1025 1205 1124 1266 cuim:
1168 1225 1226 1268 nec
1247 1205 1307 1267 Bc'e
1333 1206 1516 1290 Compressu
1538 1227 1596 1269 uec
1617 1207 1755 1272 Boeotia
1776 1229 1914 1293 nuquam
1927 1213 2008 1293 scit.

412 1306 417 1317 ’
457 1397 462 1406 ,
525 1327 868 1397 Noramreceusiouem,
877 1343 965 1404 quam
973 1325 1089 1400 dicunt,
1098 1325 1235 1388 eiusdem
1243 1326 1540 1408 comoedinepassim
1551 1326 1648 1390 luisse
1660 1347 1780 1392 ceruam
1791 1332 1861 1394 novi
1872 1333 2061 1414 secundique
2071 1335 2113 1398 u-

440 1450 513 1525 tuli,
543 1447 636 1512 docile
664 1448 799 1528 qnlsque
828 1445 886 1505 sihi
916 1446 1122 1525 persuadebit.
1176 1445 1338 1518 Eiusmodi
1359 1466 1466 1510 novam
1487 1449 1698 1512 recensionem
1720 1469 1739 1509 a
1760 1449 1888 1514 Graecia
1910 1453 2020 1516 dictam
2043 1471 2114 1518 esse

406 1589 412 1602 ⁴
439 1559 621 1652 διασκευὴν
648 1586 751 1647 neque
778 1581 849 1626 raro
879 1583 949 1626 case
985 1564 1114 1641 focum,
1150 1567 1302 1628 nemiuem
1330 1564 1416 1628 latet
1469 1568 1521 1630 Sic
1549 1567 1708 1650 Diphilum
1735 1565 1886 1646 tabulam,
1922 1573 1974 1634 cul
2002 1591 2114 1640 nomeu

379 1747 386 1763 ,
438 1689 498 1752 luit
523 1677 778 1772 Αἱρησιτείχει,
815 1687 925 1746 iterum
955 1684 1089 1746 edidisse
1110 1689 1209 1764 ¹atque
1238 1685 1451 1760 recensuisse,
1479 1685 1645 1767 denuoque
1672 1685 1758 1750 aliud
1787 1689 1973 1769 imposuisse
2001 1709 2114 1756 nomeu

386 1851 392 1868 a
441 1797 609 1886 Εὐιούχου
632 1794 655 1890 ἢ
675 1793 893 1889 Στρατιώτου
922 1803 1052 1884 legimus
1081 1803 1163 1884 apud
1191 1803 1304 1866 Athen.
1334 1802 1444 1886 Deipu.
1465 1803 1521 1880 xi,
1543 1823 1570 1866 c.
1592 1805 1645 1868 97.
1689 1803 1791 1870 Verba
1813 1813 1886 1870 sont
1907 1809 2003 1872 haece
2046 1801 2112 1872 Δι’-
2185 1775 2192 1790 ’

441 1922 544 2010 φιλας
571 1914 605 1988 d'
636 1916 672 1988 ἐν
702 1911 858 2006 Εὐνούχῳ
887 1911 911 2006 ἢ
939 1912 1155 2010 Στρατιώτῃ·
1201 1912 1256 2000 ἔςι
1286 1917 1325 1986 δὲ
1352 1915 1392 1986 τὸ
1424 1919 1538 2008 δρᾶμα
1568 1917 1730 2007 διασκευὴ
1752 1923 1815 1988 τοῦ
1835 1918 2110 2010 Αἱρησιτείχους.

448 2083 452 2090 ·
525 2047 562 2112 lu
588 2043 700 2110 imaue
721 2043 809 2119 istis,
842 2061 922 2122 quae
944 2041 1063 2104 duobus
1083 2042 1182 2104 titulis
1205 2041 1318 2105 diversi
1339 2062 1449 2109 seusus
1470 2044 1635 2124 inscriptae
1657 2048 1744 2118 suut,
1778 2062 1849 2106 num
1880 2047 1969 2107 umbo
1992 2047 2113 2112 nomina

441 2190 459 2231 a
481 2173 574 2249 poeta
592 2165 675 2247 ipso,
705 2163 858 2226 interdum
880 2167 976 2236 certe,
998 2161 1114 2227 inerint
1134 2161 1241 2238 indita,
1262 2168 1297 2224 ut
1318 2182 1376 2243 per
1397 2182 1433 2228 ae
1454 2163 1535 2256 houd
1557 2160 1758 2244 improbabile
1780 2167 1838 2237 cst,
1859 2164 1903 2224 itu
1925 2163 1966 2227 dc
1986 2165 2115 2246 singulis
2253 2189 2257 2196 ·

440 2289 590 2351 incertum
619 2284 770 2359 manebit,
799 2301 869 2344 cum
898 2281 1087 2362 grammatici
1105 2282 1147 2342 de
1168 2281 1227 2343 hac
1247 2282 1350 2344 rcuil
1371 2287 1515 2346 moneant
1534 2301 1636 2382 neque
1657 2281 1737 2344 scirc
1760 2281 1925 2362 quidquam
1947 2285 2116 2365 potuerint,

349 2501 352 2510 ι
441 2405 562 2489 quippo·
581 2407 616 2470 ah
640 2409 741 2468 aetate
761 2406 921 2483 poctsrum
944 2400 1068 2463 nimium
1089 2401 1210 2463 remoti.
1251 2401 1407 2479 Quantum
1429 2402 1574 2484 equidem
1595 2401 1730 2480 memini,
1753 2419 1903 2483 nusquam
1925 2401 2041 2468 diserte
2058 2403 2115 2468 dc·

441 2525 541 2604 celur,
562 2524 678 2607 duplici
699 2523 861 2592 nominee
881 2525 975 2602 poeta
994 2521 1063 2602 ipso
1084 2519 1216 2598 scholam
1237 2519 1331 2584 ullum
1351 2521 1450 2584 luisse
1471 2526 1618 2584 vocatam.
1691 2583 1697 2594 ,

643 2709 779 2800 Num
809 2709 1051 2798 Ploutun
1081 2706 1432 2797 Aululariam
1461 2706 1590 2826 ipse
1619 2704 1921 2796 invenerit.

531 2901 680 2984 Quaestio
701 2883 899 2976 inmoritur,
927 2897 1007 3014 haqc
1027 2896 1160 2960 fabulam
1180 2897 1307 2990 Plautus
1329 2903 1433 2960 utrum
1454 2897 1524 2978 ipse
1553 2897 1721 2975 invenerit,
1752 2916 1792 2960 ιιι
1824 2915 1865 2960 ax
1892 2915 2005 2980 graeco
2032 2897 2120 2964 tonas

448 3021 580 3107 quodam
600 3023 749 3098 hauserit,
771 3017 1024 3102 quemadmodum
1046 3017 1227 3079 Terentium
1250 3036 1354 3080 omncs
1376 3017 1506 3092 iahulas,
1529 3022 1562 3079 ct
1583 3035 1660 3096 quaa
1682 3015 1783 3078 adhuc
1804 3015 1962 3095 hahemus,
1987 3024 2020 3081 et
2042 3037 2121 3101 quse

399 3149 402 3157 ‘
445 3146 644 3220 occiderunt,
676 3159 715 3206 ex
735 3158 847 3224 gracco
870 3156 1041 3219 quanquam
1062 3137 1189 3200 liberius
1210 3137 1406 3199 transtulisse
1427 3153 1490 3198 nou
1510 3135 1696 3212 verisimile,
1725 3133 2043 3220 reremaneret).
2084 3136 2122 3201 ld

337 3315 344 3322 .
444 3268 477 3329 io
504 3263 610 3348 plures
641 3261 765 3344 quidem
792 3258 966 3322 comoedias
996 3257 1087 3320 ctiam
1115 3256 1217 3320 l’lauti
1248 3256 1378 3332 cadere,
1406 3255 1476 3335 ipsc
1505 3260 1597 3336 poeta
1624 3253 1695 3338 plns
1724 3273 1787 3318 noo
1815 3255 1947 3339 proloqu
1975 3263 2120 3334 testatur,
2232 3331 2244 3346 ⁶

448 3391 481 3448 ct
509 3384 600 3459 licet,
635 3386 671 3443 ut
698 3398 792 3462 supra
817 3381 876 3440 iam
905 3377 1054 3438 monitum
1083 3381 1147 3453 cst,
1181 3378 1307 3456 antiquo
1335 3376 1395 3436 iam
1423 3377 1564 3456 tempore
1592 3375 1625 3439 lo
1652 3373 1790 3458 prologis
1817 3375 2008 3457 potissimum
2036 3373 2123 3440 hand

446 3507 525 3570 laria
553 3501 708 3567 exstiterit
733 3497 947 3580 interpolatio,
976 3501 1077 3559 tameu
1103 3493 1158 3557 illa
1184 3496 1269 3576 ipsa,
1303 3495 1414 3575 quihus
1436 3493 1476 3555 de
1497 3494 1620 3556 nominc
1641 3500 1674 3557 et
1694 3499 1874 3576 argomento
1896 3494 2067 3558 fabularum
2086 3493 2121 3558 in

445 3624 587 3706 prologis
614 3620 761 3696 docetor,
791 3619 973 3700 plerumque
992 3635 1012 3678 a
1031 3613 1143 3708 Plauto
1170 3613 1257 3696 ipao'
1270 3619 1340 3678 crta
1361 3617 1395 3676 et
1416 3612 1533 3694 scripta
1553 3631 1625 3676 esce
1644 3611 1796 3680 videntur.
1839 3613 1875 3678 ln
1893 3614 2027 3700 prologo
2047 3611 2126 3680 Διι-Ι

447 3763 512 3810 car.
533 3744 679 3829 leguntur
698 3758 744 3804 va.
766 3739 818 3802 1⁰.
838 3707 970 3800 verba(
1780 3725 1785 3732 '

907 3887 952 3903 -
974 3853 1059 3916 llule
1081 3872 1192 3918 nomeu
1214 3871 1326 3936 grsecc
1347 3857 1396 3915 est
1418 3851 1542 3934 Ouagos
1563 3850 1695 3930 iahnlae,

865 3973 1068 4074 Demophilus
1089 3973 1221 4054 scripsit
1264 3972 1389 4036 Marcus
1411 3972 1508 4034 vortit
1529 3971 1668 4037 Ιιιτιιιτο.

865 4095 1036 4159 Asinariam
1057 4092 1123 4156 volt
1142 4111 1225 4170 csse,
1248 4091 1276 4154 si
1296 4109 1431 4173 persua
1453 4091 1537 4155 licet.

534 4221 571 4288 lu
587 4219 721 4284 »Datim
740 4215 820 4302 prot.
841 4234 887 4278 ιι.
908 4213 961 4276 cu.
983 4213 1060 4276 haec
1082 4217 1171 4275 sunt:

847 4359 850 4368 ⁴
870 4333 1079 4398 Clerumenoe
1099 4335 1226 4395 vocatur
1246 4331 1325 4396 hacc
1345 4331 1506 4394 comoedia

871 4455 1011 4530 (ιιιιιει
1053 4453 1146 4516 latine
1171 4451 1354 4516 Sortientes.
1399 4449 1545 4532 Diphilus

869 4574 959 4638 ilaue
980 4594 1090 4656 graece
1110 4572 1252 4654 scripum
1296 4571 1401 4654 poatld
1423 4589 1544 4632 morsum
1566 4549 1666 4634 denno

849 4727 852 4737 ·
876 4693 989 4759 Ladon
1010 4693 1140 4758 l’lautua
1162 4711 1232 4756 eum
1252 4691 1376 4755 latranti
1396 4689 1531 4754 nomine.

452 4849 692 4874 Α

486 4943 513 5011 ⁰)
531 4939 574 4996 ct.
590 4937 633 4991 rit
652 4933 767 4990 Terentii
785 4933 854 5004 apud
872 4932 1035 4990 Suetonium.
