4728 5710
1067 343 1189 440 -υ-
2035 421 2039 434 .

2044 491 2050 504 ,
2174 447 2187 489 ι

233 629 237 640 ,
294 574 469 654 macanos
487 565 519 635 io
540 567 609 649 ipaa
628 561 740 636 iahuia.
782 559 894 640 Neque
916 563 1026 631 tamen,
1049 554 1121 635 quid
1145 550 1374 618 eriathoanaiuna
1396 551 1438 614 ait
1458 549 1497 612 rie
1517 548 1576 610 hac
1596 511 1759 622 manantia,
1779 548 1866 632 priua
1880 545 1962 624 otia·

293 690 388 764 (leani
409 689 536 774 poterit,
559 705 649 767 quam
669 684 730 746 iste
751 681 829 745 iiber
850 677 919 741 MS.
941 677 1052 739 iterum
1074 677 1214 736 inventus
1236 673 1467 752 accuratiusque
1489 669 1583 732 luerit
1602 671 1769 753 inspectus.

378 810 442 874 Sed
465 809 556 870 liceat
577 807 629 868 hic
651 804 795 878 adiicere,
818 799 994 881 quaemihi
1017 797 1158 859 rideatur

322 962 403 1076 lle
433 959 630 1049 titulis
660 965 975 1086 ceterarum
1006 950 1323 1038 fabularum
1349 943 1570 1054 Plauti,
1601 972 1737 1058 quos
1766 969 1932 1032 nonu
2057 985 2061 994 ·

460 1115 668 1203 Plauto
697 1107 998 1228 profectos
1028 1136 1152 1194 esse
1183 1103 1516 1220 suspicatur
1545 1097 1797 1185 Rostius.

381 1285 534 1353 Similiter
554 1288 636 1350 enim
651 1283 811 1348 hainau-iae
830 1281 952 1344 titulum
974 1299 1081 1344 aerum
1103 1299 1175 1342 erae
1195 1279 1307 1340 iudico.
1350 1276 1532 1356 Quanquam
1551 1273 1635 1336 'emm
1657 1272 1733 1336 natis
1754 1269 1853 1336 incilia
1874 1273 1966 1353 atque

295 1407 457 1476 &munda
478 1413 528 1472 est
547 1405 688 1483 mutatio,
709 1425 770 1485 qua
792 1403 919 1464 Reatina
941 1402 1021 1484 proi.
1042 1421 1103 1462 aaa.
1128 1397 1287 1463 iil-18:

714 1555 757 1572 -
779 1523 861 1586 Huic
880 1541 992 1588 acmen
1013 1526 1063 1584 est
1083 1539 1195 1603 graeca
1215 1518 1338 1598 Ouagon
1357 1515 1490 1592 iahuiac,

713 1643 915 1724 Demophilus
936 1643 1080 1723 scripsit3
1124 1641 1248 1703 Marcus
1262 1639 1365 1703 antiit
1386 1637 1531 1712 barbarea
1602 1715 1607 1721 ι

582 1807 603 1816 -·
715 1764 885 1826 Asinariam
907 1763 974 1826 voit
994 1781 1075 1835 csac,
1097 1761 1125 1822 ai
1147 1780 1205 1841 per
1225 1779 1280 1820 voa
1302 1758 1388 1833 iicet,
1953 1837 1958 1844 .

291 1903 355 1970 pro
375 1883 468 1950 loem.
489 1883 674 1948 Asinariam
695 1884 821 1948 meacul.
841 1883 1027 1946 Asinariam
1048 1881 1143 1942 scribi
1170 1879 1302 1952 mavult,
1331 1877 1392 1938 hoo
1413 1881 1516 1940 umen
1537 1877 1644 1956 patet,
1672 1889 1734 1936 uon
1754 1870 1792 1934 ah
1813 1869 1967 1954 Awana,

290 2007 353 2080 peri
379 2024 398 2068 a
426 1981 603 2068 venditione
629 2005 783 2068 asioorum
811 2006 982 2084 pretioque
1009 2001 1142 2063 fabulam
1171 2019 1243 2062 ease
1277 1999 1469 2061 nominatam.
1517 1984 1657 2078 Ὀνὴγου
1686 1995 1751 2056 aire
1776 1992 1911 2054 Asinarii
1936 1991 1969 2056 ΙΙ

294 2121 397 2190 Plauti
432 2125 555 2203 quidem
572 2123 679 2199 vi'aluala
698 2123 805 2184 nullibi
826 2130 876 2184 eat
896 2123 1022 2184 mentio.
1067 2121 1169 2182 Etiam
1190 2119 1242 2182 iila
1264 2120 1414 2194 damona
1436 2117 1534 2180 minua
1555 2112 1877 2196 putaverim,titnium
1897 2109 1968 2174 nai·

293 2243 402 2318 wine
432 2261 502 2308 ease
529 2240 750 2318 adulterinam,
777 2233 873 2322 quod'
891 2263 1000 2322 parum
1027 2241 1105 2304 haec
1126 2240 1229 2302 iahula
1250 2239 1419 2318 antiquitus
1442 2235 1626 2317 interpolata
1647 2234 1746 2298 inisse
1767 2233 1903 2308 ridetur,
1936 2229 1969 2299 ii

291 2362 384 2445 quod
408 2361 562 2426 conticere
584 2359 658 2423 iicet
677 2379 717 2424 aa
736 2380 788 2438 eo,
811 2361 895 2441 qood
916 2362 997 2444 apud
1019 2362 1232 2442 grammaticos
1253 2367 1379 2444 praeter
1399 2359 1479 2420 riuos
1501 2375 1561 2420 oon
1583 2356 1728 2438 legantur
1747 2371 1868 2431 amana,
1890 2367 1969 2434 quaa

298 2483 334 2550 to
353 2479 468 2556 labala,
491 2479 589 2560 qualia
611 2479 706 2546 hodie
727 2481 855 2562 legitor,
878 2500 941 2552 nou
962 2482 1112 2562 reperias.

386 2601 477 2681 Quod
499 2619 593 2682 porro
614 2599 733 2665 dubitat
750 2601 886 2678 Reatina,
907 2609 1034 2664 moieno
1054 2600 1295 2665 haheat‘titnioa
1314 2599 1516 2676 Cistellariae,
1537 2599 1569 2660 iri
1591 2596 1715 2678 quidem
1737 2613 1776 2660 eo
1796 2593 1895 2658 minut
1913 2611 1970 2660 cn·

174 2787 185 2802 ,
296 2716 426 2786 randum
447 2719 579 2796 uidetur,
600 2738 669 2784 com
692 2721 767 2783 nihii
788 2740 863 2784 nane
883 2722 1040 2804 impediat,
1063 2723 1138 2802 quin
1160 2721 1258 2803 ipsam
1278 2720 1412 2802 pueliam
1435 2721 1501 2784 sire
1521 2718 1659 2782 ancillam
1681 2716 1898 2798 intelligamur,
1917 2713 1971 2781 cal

298 2839 463 2915 platellum,
485 2839 516 2900 io
539 2857 599 2918 qun
619 2840 789 2920 crepundia
806 2841 932 2918 manat,
947 2843 1089 2914 servandi
1109 2861 1186 2904 cura
1206 2841 1349 2923 imposita
1370 2846 1430 2903 est.
1471 2840 1562 2918 Quoi
1584 2839 1665 2900 enim
1686 2837 1745 2900 iata
1766 2835 1876 2899 anciila
1895 2831 1971 2904 ami·

299 2965 384 3038 aetat
405 2957 564 3034 ciateliam,
586 2978 677 3040 qoam
697 2959 839 3028 amissam
859 2966 957 3029 mater
977 2961 1112 3042 poeitae,
1132 2963 1219 3024 ouius
1240 2961 1410 3042 crepundia
1429 2961 1462 3023 ia
1482 2961 1536 3024 iiia
1556 2959 1686 3034 inerant,
1711 2955 1823 3019 deiude
1844 2954 1971 3030 invenit,

300 3096 341 3145 ex
366 3077 425 3142 hac
453 3079 520 3159 ipsa
542 3099 581 3142 ra
601 3077 753 3159 plurimae
772 3081 915 3145 oriuntur
936 3082 1062 3156 tnrhae,
1092 3101 1172 3160 quae
1194 3090 1268 3144 aunt
1288 3087 1502 3164 argumentum
1524 3078 1655 3142 iahuiae.
1699 3076 1806 3156 ltaque
1828 3072 1971 3138 Cistella·

235 3175 246 3190 ⁸
299 3197 348 3262 ala
366 3197 420 3261 hio
442 3203 548 3279 potest
569 3199 698 3281 cogitari
719 3201 838 3275 anciila,
859 3219 940 3280 quae
962 3199 1132 3263 Trinumm.
1153 3199 1186 3276 2,
1208 3201 1239 3276 i,
1261 3199 1305 3262 2³
1326 3199 1506 3262 cisteiiatria
1526 3203 1662 3261 vocatur.

388 3314 436 3379 lle
466 3317 657 3381 Mostellaria
676 3325 778 3381 aotam
798 3325 834 3382 ol
854 3321 981 3395 addam,
1011 3320 1095 3400 quod
1117 3321 1168 3381 aiii
1189 3321 1248 3381 iam
1270 3319 1428 3396 videraut,
1461 3322 1496 3380 ot
1517 3317 1584 3380 Nic.
1606 3316 1739 3379 Locusia
1760 3311 1972 3396 npipnylth,

291 3433 345 3527 r²ll
363 3440 400 3506 ,ct
419 3435 572 3516 Gulielm,
591 3439 717 3518 Quaeri.
738 3437 852 3515 Piaot,
873 3441 1003 3502 eaodem
1023 3440 1135 3503 dictam
1156 3459 1228 3502 ease
1248 3438 1398 3515 Phasma,
1427 3438 1460 3501 iri
1480 3457 1588 3500 aarum
1610 3443 1668 3500 eat.
1712 3437 1797 3516 Quos
1820 3435 1901 3496 euim
1922 3433 1991 3508 io·,

290 3573 355 3644 cqa
367 3555 445 3619 aluos
457 3575 496 3617 ea
510 3555 687 3637 Phasmate,
707 3563 743 3620 ot
757 3558 876 3620 aiiserte
889 3559 1023 3636 additur,
1043 3566 1163 3622 comtos
1178 3560 1292 3622 Festum
1305 3559 1408 3623 iaudat
1421 3559 1480 3631 auh
1494 3577 1561 3620 roo.
1574 3577 1632 3620 neo
1645 3555 1762 3638 (Apud
1775 3554 1927 3618 Plorduan
1937 3554 1973 3618 ὒι
2046 3603 2052 3613 .

289 3671 490 3756 ,nouam
510 3675 592 3740 Noc
610 3683 726 3741 recto
745 3679 784 3740 ai
803 3679 874 3740 a’tla'
892 3677 1066 3756 alisatio)
1081 3686 1114 3743 at
1128 3679 1185 3742 auh
1199 3680 1451 3761 recooperaacit
1466 3671 1869 3760 (praemoneamur.-
1888 3671 1973 3758 Elac
2089 3745 2092 3754 ⁴

290 3794 469 3884 „tantulam
484 3797 673 3880 percipio
689 3816 808 3881 nuper
826 3798 946 3862 relus
962 3801 1122 3862 nostris
1140 3799 1256 3882 loqui
1269 3795 1337 3882 tc),
1352 3793 1974 3882 hiiadhuciegonturinhloateil.l,880l

301 3913 336 3992 8,
357 3915 391 3993 2,
412 3914 456 3978 88
477 3921 511 3978 ei
531 3915 586 3988 89,
628 3916 803 3980 ilinominea
825 3917 906 3980 hauri
927 3939 1040 4000 paucas
1060 3920 1160 3982 foiasa
1180 3919 1297 3982 fabulas
1317 3922 1382 3980 tum
1403 3919 1485 3999 apud
1507 3916 1671 3993 Romanoa,
1692 3920 1755 3978 tom
1777 3915 1859 3997 apud
1873 3913 1972 3979 (iraa-

303 4049 375 4113 coa,
402 4035 483 4098 inira
503 4034 683 4128 mochimus.
727 4036 911 4118 Quaeritur,
937 4044 1040 4102 utrum
1061 4039 1167 4116 amho,
1195 4056 1233 4101 aa
1254 4057 1346 4100 unum
1365 4037 1460 4100 morlo
1482 4055 1592 4101 noman
1613 4037 1723 4099 Plauto
1744 4035 1856 4098 debeat
1877 4034 1973 4116 origi·
2036 4025 2038 4031 ’

302 4171 383 4218 nan.
410 4154 558 4235 Prologc,
581 4173 644 4234 qno
659 4155 730 4217 alihi
746 4155 785 4217 aia
796 4139 846 4218 hia
859 4157 953 4222 nehus
967 4158 1124 4236 docemur,
1145 4158 1317 4222 carethaec
1327 4157 1437 4220 iahuia.
1465 4156 1529 4220 Sed
1542 4157 1572 4218 oi
1589 4157 1688 4220 omnia
1700 4175 1750 4218 ma
1762 4155 1882 4233 iaiiunt,
1903 4173 1973 4218 com

299 4271 396 4337 latine
415 4273 583 4336 atodioaios
604 4279 727 4337 vertera
748 4275 847 4340 soleat
860 4276 988 4343 Plautus
1002 4279 1132 4343 nomina
1156 4297 1332 4360 graecarum
1348 4276 1534 4354 -iahularom,
1556 4295 1632 4356 quas
1652 4277 1788 4340 imitatus
1807 4279 1878 4339 ante
1890 4283 1971 4338 ‘ocn-

299 4391 349 4456 loa
370 4389 528 4474 hahuiti),
550 4392 693 4472 aquiriam
714 4412 784 4458 uon.
797 4415 934 4478 possum,
957 4400 1032 4480 quio
1054 4418 1122 4462 com
1136 4398 1260 4466 Osanna
1273 4395 1352 4462 Viro
1370 4397 1419 4462 cl.
1440 4403 1558 4480 potam,
1579 4395 1801 4460 Mostellariam
1822 4411 1894 4458 eaaa
1913 4411 1971 4460 ιιι-

300 4511 443 4576 ιι1ιιι1ιιιι
464 4531 482 4574 ι
502 4511 614 4574 Plauto
642 4516 675 4575 at
703 4531 814 4577 nomen
835 4513 973 4580 Phasma
994 4518 1125 4600 poathao
1146 4519 1180 4582 in
1200 4537 1290 4582 usum
1311 4518 1449 4595 venisse,
1480 4536 1550 4581 cum
1571 4516 1700 4579 Romani
1731 4515 1850 4597 graecia
1870 4513 1972 4578 literis

302 4631 398 4717 magia
413 4631 538 4694 assueti
559 4651 669 4716 graeca
690 4637 807 4696 mutum
830 4655 931 4698 amare
953 4639 1147 4720 coepissent,
1174 4645 1212 4702 ot
1232 4639 1325 4702 etiam
1346 4636 1514 4700 tabularum
1536 4636 1656 4702 uomina
1674 4655 1785 4718 graeca
1805 4653 1877 4700 eane
1895 4633 1971 4702 mal·

177 4747 183 4754 '
300 4745 391 4838 leuq,
412 4769 502 4836 qaum
523 4749 637 4830 tatiana
671 4771 770 4838 ‚quam
788 4755 917 4836 quidem
937 4757 970 4820 in
990 4761 1122 4824 natatem
1143 4757 1311 4824 'i'creotiua
1331 4757 1455 4837 incidit,
1484 4757 1535 4839 qui
1558 4775 1594 4822 ea
1613 4755 1743 4845 ipsa-aia
1763 4775 1852 4840 aaaron
1869 4731 1990 4824 aaut?

267 5088 272 5099 Ι
337 4996 369 5070 ⁸)
385 4996 445 5055 Vid-
462 4999 528 5072 proi.
546 5001 618 5060 Aah.
635 5007 670 5062 10
686 5007 715 5060 al
730 5009 781 5077 ¹¹3
813 5005 870 5064 tut
888 5008 1007 5098 Glor32,
1024 5013 1051 5077 1,
1068 5013 1102 5080 aa
1135 5009 1247 5068 limant.
1265 5015 1291 5083 i,
1309 5015 1336 5084 1,
1351 5015 1370 5070 l
1386 5015 1415 5068 at
1431 5011 1474 5068 10.

1731 5113 1755 5180 2
1775 5110 1794 5153 a
