4728 5710
1069 287 1188 386 gu-

293 495 481 592 lilutntlrouls
510 494 601 560 istim
628 491 755 572 esuriat,
786 492 839 574 qul
861 489 1023 574 Syraeusis
1045 495 1137 554 natus
1156 467 1239 556 eirea
1261 489 1434 575 Olympird.
1460 489 1535 556 ιιι.
1558 487 1687 558 Tarenti
1706 493 1828 574 duruit,
1860 515 1964 580 aquo

293 621 424 684 masur
442 613 884 698 hilarotragoedia'origiuem.
927 613 975 677 lta
996 616 1167 676 stameruut
1187 609 1246 674 Vir
1266 610 1391 675 {unaue
1410 609 1602 676 venarando
1628 613 1818 680 Blehrhadt.
1843 623 1878 681 et
1904 635 1963 684 uu·
2075 697 2078 703 ⁴

292 739 428 822 patrima
439 735 498 800 Vir
511 736 716 811 Olarbsimus,
739 733 899 796 Peterseu.
914 727 1206 815 llamburgeuab*).
1241 731 1384 813 Uterque
1397 733 1463 794 suia
1475 735 1664 813 argumentis
1684 734 1766 799 lraud
1786 736 1866 802 mala
1886 757 1963 805 usos

295 863 358 924 ast.
401 857 463 920 sao
487 873 670 938 quamquam
699 873 774 918 rere
803 853 990 935 disputatum
1015 851 1178 928 uideatur,
1204 855 1308 916 tamen
1336 851 1373 914 alr
1394 850 1594 934 Epicharmo,
1622 857 1733 936 utpote
1758 855 1857 921 multo
1883 861 1963 924 autl-
2028 871 2033 874 “

291 979 415 1060 quara,
436 976 717 1058 onmuaegeau
729 973 1183 1038 cameriarumnuuversam
1194 971 1316 1048 arasa,
1338 971 1485 1054 evulgo,
1508 991 1687 1054 qumquam
1698 959 1804 1056 praua
1809 977 1963 1044 uanum

292 1102 327 1160 at
346 1093 575 1179 negligentius,
587 1095 773 1177 Epicharmi,
796 1097 833 1156 ut
853 1094 1033 1170 inventuris,
1055 1095 1178 1156 numine
1199 1094 1405 1174 uuuaupatum
1426 1109 1498 1154 esse
1517 1109 1644 1169 eeusao,
1670 1097 1718 1184 ut,
1740 1095 1768 1156 al
1790 1095 1859 1175 quis
1880 1097 1963 1163 saris

291 1219 388 1296 atque
410 1233 509 1291 saon,
531 1233 568 1278 ax
589 1213 682 1277 rebus
702 1212 845 1296 mptlriais
865 1215 1000 1295 repetita
1020 1219 1198 1296 urgumeuta
1217 1212 1353 1276 raaudus
1371 1215 1405 1274 et
1421 1211 1682 1277 camoenarum
1694 1211 1831 1290 auderet,
1852 1215 1961 1280 atiam-

292 1335 321 1398 ιι
341 1335 469 1416 propius
492 1335 531 1396 ad
544 1334 753 1396 lllrintlronarn
773 1333 867 1395 istum
889 1334 1064 1411 uenderet,
1083 1339 1186 1398 tamen
1206 1330 1385 1414 Eplalrarurl
1412 1331 1550 1393 imitator
1569 1329 1663 1412 vulga
1681 1337 1853 1396 uocaretur.
1894 1332 1962 1398 No-

290 1459 357 1516 tum
376 1457 479 1517 tamen
499 1458 559 1528 eat,
582 1451 793 1515 althiutlroue
812 1453 875 1516 isto
894 1469 970 1518 rere
990 1453 1191 1537 compositam
1205 1471 1276 1517 esse
1291 1450 1490 1528 comoediam,
1512 1469 1591 1532 quae
1602 1449 1961 1537 iuscriptd'iuitdmpdl·

290 1575 382 1648 truo;
424 1571 487 1634 vid.
507 1572 623 1635 Athen.
644 1571 677 1648 8,
699 1589 768 1654 pag.
790 1571 864 1635 111.

377 1687 453 1766 Sed,
472 1695 510 1753 ut
530 1691 667 1768 redeam,
688 1691 770 1753 idam
793 1691 954 1770 0saunus,
975 1690 1033 1754 Vir
1054 1691 1269 1768 doctissimus,
1291 1691 1445 1769 ostendit,
1467 1707 1524 1753 suo
1544 1689 1638 1753 modo
1658 1689 1771 1772 uiaque
1791 1691 1883 1774 plane
1903 1711 1962 1792 pe·
1993 1677 2012 1776 p'
2068 1775 2079 1790 ι
2136 1777 2140 1787 ι
2191 1725 2197 1732 ›

293 1808 402 1872 euliaul
422 1827 514 1872 usum
535 1827 606 1874 ease
620 1808 773 1886 Plautum,
794 1829 908 1891 neque,
930 1811 992 1874 etsi
1012 1832 1032 1872 a
1052 1811 1180 1875 (iuuenis
1200 1811 1233 1874 in
1254 1813 1429 1874 uuiversum
1448 1811 1613 1892 repetierit
1631 1816 1851 1893 argumentum,
1871 1829 1961 1894 pres·

291 1929 356 1991 rius
377 1933 480 1991 tamen
502 1947 675 2010 quenquam
697 1932 846 1993 aomieum
867 1935 903 1994 ut
923 1930 1096 2011 exemplum
1117 1936 1257 1994 secutum
1279 1949 1358 1994 esse.
1400 1930 1444 1992 Et
1463 1929 1559 2007 haee,
1587 1931 1620 1992 ni
1640 1929 1747 2008 fallar,
1779 1937 1830 1992 eat
1857 1949 1960 2010 musa,

290 2064 347 2109 eur
367 2047 437 2128 ipse
461 2047 590 2111 Plautus
611 2067 653 2141 ne
674 2048 785 2110 leviter
808 2049 931 2129 quidem
951 2049 1186 2130 significaverit,
1212 2051 1295 2112 uude
1316 2049 1462 2112 sruuserit
1481 2053 1690 2131 argumentum
1711 2048 1848 2128 fabulae,
1871 2067 1962 2132 quam

291 2165 548 2246 Amphitruonem
569 2165 735 2247 inscripsit
773 2166 876 2230 ‘Suum
897 2167 956 2232 sibi
977 2167 1095 2230 leserat
1115 2175 1328 2252 argumentum
1348 2169 1495 2232 maiorem
1523 2168 1615 2233 etiam
1641 2169 1675 2235 iu
1701 2168 1843 2249 modum,
1870 2187 1962 2252 quam

277 2285 326 2346 ,ιιι
346 2285 509 2360 curaverit,
530 2306 549 2347 a
570 2283 698 2348 Graecis
720 2284 801 2348 idem
821 2286 883 2350 iam
903 2275 1021 2368 pluries
1043 2307 1114 2352 esse
1135 2293 1310 2352 tractatum.
1546 2376 1551 2384 .
1769 2351 1774 2356 .

374 2401 419 2466 lit
447 2404 491 2464 ita
519 2403 612 2466 etiam
640 2405 680 2466 de
701 2405 860 2468 Aulularia
881 2406 1076 2469 iudicandum
1098 2425 1222 2471 censeo.
1266 2407 1380 2471 Graeci
1401 2407 1512 2472 comici
1533 2407 1714 2491 saepissime
1734 2412 1962 2491 proposuerant

152 2595 158 2600 ,
180 2593 183 2602 ,
288 2537 453 2603 putenam
473 2522 605 2586 hominia
626 2524 736 2586 mirum
757 2525 788 2588 iu
810 2525 934 2588 modum
954 2525 1140 2588 tenacissimi
1160 2527 1392 2608 paraisdrnique
1412 2533 1446 2592 et
1466 2527 1607 2592 ssordilru
1628 2545 1757 2610 prorsus
1779 2527 1894 2606 deditiq
1916 2525 1963 2590 ri·'

289 2639 392 2704 dleule
419 2645 586 2704 tractantes
617 2641 750 2706 tabulam
770 2645 863 2706 modo
884 2644 945 2708 hoe
966 2645 1058 2707 modo
1080 2645 1135 2708 illo
1157 2647 1279 2708 nomina
1299 2648 1534 2728 inscripserant,
1563 2667 1745 2730 quamquam
1765 2653 1838 2710 suut
1859 2647 1962 2724 eliam,
2027 2671 2029 2674 ·

289 2759 344 2840 qui
363 2762 487 2823 uomina
508 2761 583 2822 satis
605 2767 713 2841 aperto
732 2752 942 2848 φιλάργυρον
962 2762 1055 2826 huius
1076 2767 1248 2847 argumenti
1269 2767 1457 2830 comoediam
1477 2768 1721 2852 nominaverant,
1737 2771 1772 2830 ut
1787 2763 1961 2847 Dioxippus

289 2871 366 2960 (vid.
386 2879 500 2942 Athea.
529 2878 582 2954 ll,
609 2878 684 2940 ort.
711 2884 745 2942 et
772 2881 846 2942 496.
868 2886 901 2942 et
920 2877 1028 2966 dorp,
1060 2879 1256 2966 Philippides
1279 2879 1369 2969 (ibid.
1391 2886 1444 2962 14,
1465 2879 1567 2971 old),
1590 2885 1794 2969 Theoguetus
1817 2881 1905 2970 (inid
1926 2875 1968 2962 8,

288 2992 390 3081 toa).
435 2995 613 3078 Theogueti
632 2996 736 3060 fabula
755 2997 815 3061 luit
834 2999 1017 3075 binominis;
1046 2999 1163 3081 legitur
1184 3005 1266 3066 euim
1287 3005 1369 3085 apud
1391 3004 1504 3066 Athen.
1529 2994 1656 3083 Φάσμα
1678 2993 1701 3087 ἢ
1726 2993 1959 3090 Φιλάργυρος,-

287 3133 362 3178 nuru
382 3115 465 3190 iude,
486 3121 523 3176 ut
544 3117 707 3179 occasione
728 3115 801 3180 data
821 3119 925 3181 obiter
941 3119 1002 3181 lroe
1024 3137 1178 3194 moneam,
1202 3120 1302 3182 Plauti
1324 3121 1515 3184 Mostellaria
1538 3126 1605 3182 orta
1626 3123 1685 3197 sit,
1708 3111 1960 3200 quemadmddum

220 3321 224 3326 ι
295 3251 366 3295 esse
387 3232 545 3295 contendit
564 3231 835 3318 Buttmanuuffl),
856 3238 889 3299 id
911 3255 950 3298 eo
970 3237 1117 3300 incertius
1139 3242 1196 3314 est,
1219 3257 1288 3300 oum
1311 3240 1344 3300 in
1357 3237 1459 3301 Plauti
1473 3238 1665 3302 Mostellaria
1681 3257 1772 3302 senes
1786 3240 1838 3302 isti
1853 3239 1968 3314 ’Ῑίιιιι-Ι

272 3351 414 3436 ⁵ropidea
435 3356 469 3414 et
489 3349 576 3414 Simo
596 3355 774 3434 neutiquam
795 3355 878 3418 iusto
905 3357 1060 3439 parciores
1089 3361 1264 3438 appareant.
1305 3355 1376 3420 llos
1404 3357 1523 3420 attendi
1551 3358 1650 3436 malo,
1678 3358 1808 3422 alterum
1836 3341 1960 3424 titulum

289 3467 381 3534 etlam
402 3469 493 3532 huius
514 3469 636 3534 fabulae
658 3489 729 3536 essa
752 3463 975 3560 Orldppvpor.
1023 3473 1101 3538 cum
1123 3477 1213 3553 euim,
1234 3481 1271 3538 ut
1290 3476 1431 3553 vidimus,
1452 3482 1515 3542 tam
1536 3496 1629 3560 saepe
1648 3479 1681 3541 iu
1693 3473 1860 3548 seenauoli
1880 3473 1960 3562 φιλ-

293 3577 442 3673 αργύρου
463 3607 597 3670 persana
616 3610 636 3654 a
656 3591 812 3656 vetentur
831 3594 957 3657 eomieis
979 3595 1082 3675 poetis
1102 3596 1383 3678 perstringeretur,
1403 3595 1473 3664 fieri
1492 3613 1556 3662 uou
1576 3597 1687 3679 potuit,
1710 3598 1794 3679 quin,
1815 3603 1852 3660 ut
1872 3597 1959 3662 Mili·

286 3707 329 3770 tis
351 3705 506 3785 Gloriari,
539 3708 705 3773 sinadam
734 3710 812 3774 lraeo
838 3709 902 3776 τοῦ
923 3703 1134 3799 φιλαργύρου
1161 3729 1294 3796 persona
1320 3717 1380 3778 ianr
1408 3720 1528 3796 matina
1560 3717 1651 3780 lixam
1673 3716 1761 3796 quasi
1782 3722 1960 3797 certamque

290 3829 447 3908 arriperet
461 3828 587 3893 sornam
602 3831 814 3912 speciemque,
835 3835 929 3910 etat,
951 3833 1043 3896 sluuti
1064 3833 1156 3911 diota,
1176 3851 1256 3914 quae
1276 3836 1395 3898 sentius
1411 3836 1600 3917 breviusque
1621 3855 1657 3900 ae
1677 3835 1810 3900 lucetius
1830 3855 1959 3919 perma-

286 3945 343 4008 tlm
363 3947 404 4010 de
425 3947 528 4026 aliqua
546 3949 630 4012 ritae
651 3950 848 4028 quotidianae
866 3953 987 4016 ratione
1008 3955 1042 4016 et
1062 3969 1155 4016 rausa
1169 3954 1378 4030 euuueiautur,
1398 3956 1582 4036 praesertim
1604 3955 1632 4018 si
1652 3959 1706 4018 aut
1725 3954 1796 4018 loeo
1817 3953 1959 4020 nobiliori

264 4067 341 4128 'sut
362 4065 398 4128 ab
422 4066 549 4128 homine
576 4065 740 4130 illustriori
760 4069 977 4151 proteruntur,
1003 4069 1096 4144 altius
1118 4072 1217 4139 auimo
1237 4073 1376 4137 insidunt
1397 4078 1429 4136 et
1448 4073 1593 4138 facillime
1613 4074 1779 4166 memoriae
1797 4068 1890 4140 iiflxa
1907 4079 1958 4138 te·
2077 4129 2082 4140 .

288 4188 420 4260 uentum,
441 4185 485 4245 ita
506 4185 597 4245 etiam
618 4181 681 4248 τοῦ
702 4178 914 4274 φιλαργύρου
935 4207 1068 4270 persona
1096 4191 1183 4270 quasi
1203 4192 1235 4253 iu
1269 4192 1367 4274 ipram
1395 4193 1489 4254 uitam
1509 4176 1664 4276 vulgarem
1685 4213 1838 4278 usumque
1857 4193 1958 4258 homi·

288 4321 363 4364 uum
392 4319 583 4364 communem
610 4304 780 4366 mausiret·
806 4305 842 4369 ld
872 4307 955 4388 quod
981 4308 1096 4371 tanum
1125 4313 1176 4372 est
1196 4311 1288 4373 etiam
1310 4311 1350 4373 de
1371 4310 1438 4374 aliis
1458 4311 1635 4376 huiusmodi
1654 4315 1796 4396 personis
1816 4313 1958 4392 saeuitia,

208 4409 218 4531 .'
289 4439 364 4502 quas
387 4439 425 4484 ex
445 4419 558 4484 fundis
580 4439 734 4503 saeuaque
755 4423 837 4505 apud
857 4429 979 4490 ueteres
1000 4427 1034 4492 lu
1054 4427 1306 4492 cousuetudinem
1326 4429 1370 4494 ita
1389 4431 1513 4496 venisse
1532 4432 1688 4512 videmus,
1709 4433 1877 4502 arimin
1898 4434 1956 4498 us'u

288 4567 526 4588 m

266 4651 271 4658 ·
322 4635 349 4704 ·)
364 4637 412 4692 llla
429 4639 454 4693 iu
471 4637 569 4704 libello,
588 4653 665 4706 quem
681 4640 784 4710 scripsit
801 4641 835 4696 dr
853 4641 975 4698 dramata
991 4643 1150 4700 &rarorum
1167 4645 1397 4717 eordan-anteriso
1411 4647 1520 4720 Lipsiae
1536 4651 1619 4716 179³,
1641 4647 1682 4703 hir
1698 4649 1724 4706 la
1742 4642 1955 4722 ephemeridibus,
2092 4644 2098 4655 ’

405 4737 479 4860 {⁸0⁸ss
496 4723 687 4862 ρρῧρειωιιη
723 4725 876 4796 aunum
893 4731 945 4796 sn
968 4729 1013 4786 aa
1035 4731 1376 4804 ammarum
1397 4751 1448 4792 m
1470 4736 1518 4792 ur.
1542 4723 1749 4803 mmmmm,
1772 4741 1798 4794 a.
1814 4735 1906 4808 usurp
1928 4741 1955 4792 a.

233 4929 235 4933 -
311 4902 359 4973 ,··)
376 4901 409 4960 1a
425 4904 548 4963 umam
565 4909 718 4979 mgnum
733 4911 807 4970 uu.
824 4919 856 4970 e
870 4881 939 4970 unu
955 4930 1017 4986 m.
1037 4919 1098 4973 aru

1716 5027 1738 5090 ο
1760 5027 1778 5068 R
